3082 4966
572 433 775 496 ,ῃ-

88 607 217 690 quidem
241 606 301 670 lroo
322 609 421 674 verbo
444 616 577 698 utimur)
608 613 787 693 habuerint,
818 620 849 675 et
878 610 1038 674 delatores
1060 609 1261 672 nuntiatione

88 705 200 769 delata
223 709 325 770 otiose
351 734 369 772 a
394 733 493 775 eausa
516 715 719 793 recesserint,
740 733 801 774 nec
823 710 890 772 ne?

171 807 331 890 Imprimis
348 829 557 896 segregemus
583 833 709 890 causas,
732 809 786 873 ubi
802 808 925 870 delator
946 831 980 870 se
1002 809 1107 891 ipsum
1131 807 1265 886 deferat,

89 911 124 966 ut
147 905 275 989 quidem
298 929 349 970 res
370 909 447 972 fisco
471 909 597 974 debitas
620 909 770 974 detracto
792 908 936 992 praemio
959 905 1127 968 delationis
1150 906 1179 966 ei
1201 913 1264 966 tra-

94 1003 150 1066 dat
173 1004 240 1088 (1.2
262 1011 288 1086 ξ.
312 1009 340 1088 7,
362 1007 370 1070 1
395 1009 456 1090 ὃς.
483 1013 530 1088 11,
555 1009 572 1075 l.
595 1010 634 1072 13
649 1013 677 1090 ξ.
694 1011 723 1088 4,
745 1007 774 1088 5,
794 1005 823 1086 0,
845 1006 873 1082 7,
895 1005 913 1068 l.
928 1003 969 1066 49
984 1005 1023 1068 D.
1045 1003 1095 1083 49,
1119 1006 1180 1087 14),
1203 1003 1265 1067 1)θ-

89 1102 227 1166 lationes
251 1114 358 1170 autem
379 1130 444 1170 non
467 1108 568 1170 solum
593 1107 850 1170 denuntiationes
880 1104 981 1166 fuisse
1004 1101 1037 1165 id
1060 1124 1155 1186 quam
1178 1102 1264 1165 lucu·

90 1200 303 1266 lentissimum
328 1213 602 1290 est,quamqua1n
634 1205 779 1268 homines
809 1203 920 1284 ignari
944 1201 1116 1282 „occultis“
1140 1221 1266 1284 quoque

92 1299 310 1364 delationibus
332 1305 364 1366 in
389 1303 553 1368 hominum
570 1307 715 1368 fortunas
738 1323 835 1387 agere
857 1298 1058 1362 conabantur
1075 1304 1100 1381 ¹)
1124 1321 1190 1382 arg.
1213 1299 1268 1361 l.4

91 1399 127 1464 O.
156 1399 216 1465 Th.
247 1400 301 1482 10,
335 1401 389 1482 10,
421 1425 483 1486 qua
510 1405 735 1466 constitutione
767 1400 992 1480 Constantine,
1015 1420 1056 1460 ne
1084 1419 1180 1482 porro
1202 1401 1268 1478 liat,

91 1500 297 1562 severissime
320 1501 506 1585 interdicit).
549 1503 633 1565 Nam
665 1503 865 1566 nuntiatores
895 1497 1017 1561 habere
1048 1495 1169 1560 debent
1190 1495 1266 1560 fide·

85 1601 236 1684 jussores
260 1599 292 1686 (l.
315 1599 335 1661 2
358 1601 426 1681 §3
449 1601 491 1668 D.
513 1603 581 1684 cit),
612 1599 750 1664 subeunt
778 1619 925 1683 poenam,
957 1598 985 1658 si
1013 1603 1062 1658 ter
1095 1617 1153 1680 per
1174 1617 1266 1680 prae-

91 1699 211 1760 fectum
228 1701 389 1782 praetorio
413 1702 502 1764 citati
526 1700 566 1763 ad
582 1699 732 1764 Edictum
749 1721 812 1760 non
834 1693 1062 1780 responderint
1085 1694 1115 1778 (1,
1140 1695 1179 1757 15
1201 1698 1265 1775 §.4

91 1797 109 1862 l.
132 1797 174 1858 42
196 1800 224 1876 ξ.
251 1799 261 1856 l
284 1797 386 1883 eod.):
408 1799 477 1882 ipse
500 1800 582 1862 enim
609 1798 733 1862 delator
755 1804 878 1860 tantum
894 1796 971 1858 fisco
994 1794 1119 1857 solvere
1135 1795 1270 1878 cogitur,

60 1968 62 1971 ⁸
92 1903 244 1980 quantum
268 1897 298 1958 ei
319 1895 477 1976 detulerit,
509 1908 541 1960 et
572 1897 767 1978 „secundum
797 1915 1019 1979 possessorem
1051 1902 1100 1956 est
1129 1914 1268 1976 pronun-

90 1993 255 2056 tiandum“
287 1995 319 2078 (l.
352 1995 390 2058 15
419 2001 447 2076 ξ.
476 1999 498 2058 4
523 1999 565 2064 D.
595 1997 698 2079 eod),
733 1997 815 2057 sicut
837 2000 944 2055 autem
966 2013 1061 2054 nemo
1083 1992 1267 2054 renuntiare

91 2113 225 2155 causam
249 2095 384 2175 cogitur,
406 2095 451 2156 ita
474 2094 610 2158 liberum
644 2093 819 2158 desistendi
843 2090 1011 2155 arbitrium
1035 2093 1151 2154 cinon
1174 2089 1269 2153 datur

92 2193 176 2253 eitra
198 2189 404 2254 abolitionem
428 2193 460 2275 (l.
484 2192 523 2256 15
545 2215 602 2277 pr,
624 2193 640 2256 l.
663 2194 703 2256 22
718 2197 746 2272 ξ.
769 2191 843 2254 31).
867 2189 969 2276 eod.);
991 2191 1097 2253 causis
1118 2211 1269 2274 nonpro-

92 2288 179 2352 batis
202 2289 450 2356 calumniatores
472 2293 553 2355 liunt
567 2315 631 2355 non
648 2291 748 2355 solum
773 2291 843 2374 ipsi,
867 2288 924 2350 sed
948 2289 1044 2352 etiam
1059 2287 1270 2350 mandatores

93 2409 205 2450 eorum
236 2388 344 2472 (1124.
377 2391 415 2453 D.
445 2391 515 2454 eod.
546 2390 841 2476 Capitolinus,
871 2387 1035 2450 Macrinus
1066 2409 1091 2455 o.
1125 2388 1194 2470 12),
1218 2386 1270 2470 qui

92 2507 158 2550 non
181 2507 334 2550 accusare
364 2497 522 2572 poterant,
552 2490 648 2553 etiam
673 2489 847 2573 ,quominus
875 2487 952 2549 fisco
984 2485 1149 2548 deferrent
1171 2485 1269 2570 irnpe-

94 2585 154 2648 diti
185 2595 277 2648 erant
298 2587 331 2664 (l.
355 2586 393 2650 18
414 2611 462 2672 pr.
484 2593 512 2669 §.
534 2591 554 2650 2
575 2589 616 2654 D.
640 2587 732 2674 eod).

178 2683 260 2746 'I'arn
282 2686 397 2770 ingens
421 2689 471 2766 „in
489 2684 706 2750 exsecrabiles
729 2707 784 2748 eos
800 2685 1018 2762 nuntiatores„
1038 2705 1153 2765 „unum
1170 2685 1270 2746 maxi·

94 2805 185 2846 nrum·
197 2782 356 2846 humanae
373 2786 457 2848 vitae
473 2785 601 2864 malum,
624 2784 802 2847 delatorum
819 2782 1054 2846 exsecrandam
1074 2783 1269 2866 pernicienr“

96 2881 208 2964 populi
230 2881 336 2945 odium

243 2982 261 3047 1.
294 2981 372 3047 40.
399 2982 661 3064 10,11,1.2Ο.
694 2981 751 3049 Th.
785 2979 832 3060 10,
857 2979 911 3062 10,
933 2981 1101 3044 Plinius
1123 2981 1271 3064 Panegy-

243 3081 327 3144 ricus
351 3101 376 3147 c.
398 3081 448 3146 34.
479 3080 538 3163 35,
571 3082 817 3145 Suetonius:
848 3081 940 3144 Titus
964 3101 989 3146 c.
1012 3079 1031 3142 8
1053 3081 1130 3162 11,
1153 3079 1272 3164 Capi-

244 3178 418 3242 tolinus:
442 3181 606 3244 Macrinus
629 3203 656 3246 e.
673 3181 729 3261 12,
752 3179 770 3246 Ι.
792 3181 813 3240 4
835 3179 870 3245 O.
893 3178 941 3256 10,
965 3182 1023 3260 11,
1046 3179 1063 3242 l.
1087 3180 1115 3258 2,
1138 3178 1157 3242 1.
1180 3179 1267 3258 12,1.

248 3277 283 3337 13
306 3275 341 3339 0.
364 3278 423 3344 Tb.
447 3278 494 3359 10,
518 3277 605 3361 10,1
634 3279 713 3346 30.
737 3279 777 3341 de
799 3279 925 3366 injuriis
948 3277 977 3358 9,
998 3279 1039 3341 35

95 3373 259 3438 nonnullis
280 3374 461 3441 hominibus
478 3375 531 3444 ¹ad
562 3376 806 3462 intelligendum
837 3399 900 3440 non
924 3386 1070 3462 apertum
1095 3379 1163 3457 erit,
1188 3375 1273 3461 quod

97 3474 152 3558 qui
175 3471 374 3537 accusabant
396 3475 556 3539 delatores
581 3477 723 3540 officium
744 3477 849 3561 magis
871 3477 1006 3560 implere
1029 3499 1123 3562 quam
1146 3477 1273 3540 facinus

98 3569 173 3635 odio
205 3570 428 3656 dignissimum
465 3576 665 3638 committere
699 3573 857 3637 videntur.
902 3573 967 3639 Sed
1007 3575 1117 3658 legant
1144 3575 1272 3639 Plinii

97 3691 264 3755 perpauca
285 3671 387 3737 verba
409 3673 585 3760 (Panegyr,
615 3697 640 3742 o.
669 3673 742 3758 34):
777 3673 882 3755 „nulla
909 3676 978 3760 jam
1007 3680 1201 3740 testamenta
1224 3695 1272 3736 se-

97 3789 185 3851 cura,
206 3769 311 3834 nullus
334 3779 435 3835 status
458 3781 580 3836 certus:
608 3796 674 3836 non
705 3771 835 3851 orbitas,
857 3793 922 3836 non
945 3771 1037 3836 liberi
1060 3771 1273 3858 proderant“;

97 3870 132 3932 in
153 3871 309 3933 memoria
330 3878 463 3934 teneant
483 3873 721 3956 imperatorum,
743 3869 822 3948 fisci,
846 3873 973 3952 aerarii,
995 3873 1166 3934 avaritiam
1182 3869 1273 3954 (Pli-

96 3967 199 4030 nius
221 3967 291 4032 eod.
321 3969 378 4032 cfr.
399 3967 621 4034 Juvenalis
644 3969 763 4054 Satyra
785 3969 831 4034 lV
851 3992 880 4032 v.
902 3970 943 4031 46
964 3971 1004 4032 48
1028 3979 1060 4033 et
1080 3969 1123 4033 54
1144 3979 1175 4034 et
1195 3971 1274 4055 55),

98 4072 132 4128 et
147 4086 252 4149 spero,
273 4069 502 4151 propensiores
518 4089 573 4132 eos
589 4069 658 4133 fore
677 4068 719 4160 ad
734 4067 957 4152 accipiendam
974 4069 1167 4152 opinionem,
1189 4069 1273 4154 quod

100 4199 394 4212 „mnan-n-

166 4292 191 4352 1)
210 4293 333 4343 Occultos
353 4293 500 4343 delationes
519 4295 598 4342 etiam
619 4293 669 4342 hoc
692 4293 749 4342 loeo
771 4297 909 4346 mandatas
925 4295 1022 4346 habere
1039 4297 1195 4360 permissum
1215 4301 1271 4346 est:

99 4377 235 4426 Sueten.
272 4377 348 4426 TIt'us
367 4393 423 4442 cap.
441 4379 457 4424 8
475 4379 492 4428 1.
510 4378 528 4426 1.
547 4377 565 4426 l.
584 4378 616 4425 24
633 4375 667 4424 D.
686 4377 728 4437 49,
749 4379 779 4424 14
796 4376 829 4426 (1θ
844 4374 904 4438 jure
921 4375 985 4428 fisci.

1061 4457 1082 4518 2
