3082 4966
760 307 966 374 -40--

273 516 380 579 poena
396 493 428 555 in
446 499 601 575 paternae
618 491 731 554 mortis
747 490 954 552 accusatione
971 490 1122 554 cessabat
1138 495 1213 576 (arg
1237 492 1257 554 l.
1271 494 1292 554 4
1306 493 1340 555 0.
1358 492 1453 572 eod),

273 613 354 678 quae
378 591 492 653 eadem
515 589 597 651 ratio
621 588 661 650 ad
696 611 752 651 eos
784 589 931 671 pertinet,
963 590 1016 672 qui
1044 589 1221 653 adulteram
1248 593 1323 676 jure
1346 594 1454 654 mariti

276 699 307 753 et
327 690 430 774 patris
454 695 627 751 accusant:
656 709 730 750 nam
766 696 797 748 et
826 685 883 748 hos
914 691 982 750 sino
1018 689 1200 754 calumniae
1229 711 1335 773 poena
1366 692 1453 752 vinci

275 811 372 874 posse
389 788 484 851 docet
499 786 637 851 Collatio
655 785 761 869 legum
779 785 996 848 Romanarum
1015 788 1273 852 etMosaicarum
1290 788 1345 868 lV,
1359 789 1380 849 4
1394 793 1450 868 §.1

419 887 476 949 cfr.
499 886 515 948 l.
543 885 590 963 16,
609 883 652 946 30
673 884 708 948 O.
728 883 757 964 9,
779 883 799 946 9
821 883 862 946 ad
885 882 938 966 leg
970 885 1032 948 Jul.
1057 886 1097 948 de
1120 887 1265 968 adulter,
1287 887 1305 950 l.
1326 887 1369 950 40
1388 892 1450 969 §.1

420 987 462 1049 l).
484 984 534 1063 48,
555 984 576 1047 ὁ
598 983 627 1045 h.
649 992 669 1046 t.
712 986 995 1046 Herrmonnus
1019 984 1034 1046 l.
1060 1007 1084 1048 c.
1108 1007 1137 1070 p.
1159 987 1198 1049 51
1223 1009 1288 1072 seq.

274 1087 490 1150 Conferamus
514 1081 651 1167 denique
686 1081 791 1165 legem
822 1083 841 1142 ‘2
872 1080 906 1144 Ο.
929 1081 956 1148 9.
982 1085 997 1144 l
1022 1081 1062 1145 de
1085 1083 1134 1146 his
1157 1085 1210 1168 qui
1232 1107 1349 1165 accus,
1370 1108 1452 1170 quae

275 1184 460 1246 constitutio
491 1190 613 1244 tutores
642 1179 694 1241 vel
723 1187 902 1258 curatores,
932 1182 1007 1264 „qui
1039 1181 1147 1245 officio
1176 1192 1208 1244 et
1237 1184 1379 1267 periculo
1404 1209 1452 1247 res

278 1282 471 1366 pupillorum
512 1280 746 1357 administrent,
778 1301 846 1340 noo
877 1287 969 1361 focile
1003 1283 1164 1343 sententia
1198 1284 1334 1362 notari“,
1368 1283 1452 1362 dicit,

275 1381 357 1460 „nisi
389 1387 510 1444 euidens
541 1400 650 1440 eorum
684 1376 847 1439 calumnia
873 1378 1034 1462 judicanti
1068 1386 1255 1463 appareat“,
1286 1403 1358 1444 cum
1382 1381 1452 1464 lege

275 1482 315 1541 14
336 1479 380 1545 D.
402 1477 452 1558 48,
476 1478 515 1540 16
538 1476 579 1539 ad
603 1476 664 1540 SO.
694 1474 826 1558 Turpil,
857 1497 939 1560 quae
971 1477 1123 1541 defuncto
1154 1479 1275 1563 pupillo
1306 1501 1362 1544 eos
1391 1502 1452 1543 non

273 1578 439 1662 cogendos
462 1599 534 1639 csse
552 1575 794 1640 accusationem
809 1575 944 1659 implore
967 1576 1055 1655 dicit,
1078 1577 1185 1661 itaque
1202 1599 1259 1641 eos
1274 1579 1357 1641 eitra
1380 1577 1452 1641 abo-

271 1677 414 1739 litionem
438 1675 595 1739 desistere
617 1674 751 1757 patitur3
784 1672 897 1758 hisque
926 1674 1075 1740 omnibus
1105 1678 1274 1760 perpensis
1307 1676 1453 1740 bunede

273 1797 336 1860 qua
359 1773 597 1860 supradictum
623 1780 672 1835 est
702 1771 903 1856 exceptionis
933 1775 1091 1836 rationem
1123 1795 1195 1837 esse
1226 1784 1321 1858 puto:
1344 1775 1453 1838 volun-

272 1877 376 1937 tariae
400 1881 591 1936 accusantes
614 1870 825 1954 inscriptione
848 1873 942 1955 quasi
958 1871 1039 1955 legis
1061 1872 1191 1935 vinculo
1213 1871 1385 1956 colligatos
1408 1895 1453 1934 so-

271 1973 335 2036 lum
359 1971 531 2036 abolitione
553 1970 606 2032 vel
630 1969 790 2032 sententia
811 1991 883 2032 esse
901 1969 1081 2052 absolutos3
1104 1968 1159 2034 ubi
1181 1977 1287 2034 autem
1311 1971 1451 2034 officium

272 2070 432 2181 quoddam
467 2069 642 2134 accusandi
673 2067 850 2131 delatorem
883 2069 1106 2148 instimularet,
1136 2076 1359 2132 accusatorem
1391 2093 1452 2132 non

274 2177 387 2234 contra
409 2170 507 2232 animi
525 2169 573 2231 sui
591 2165 751 2252 judicium
777 2165 819 2228 ad
834 2167 1076 2250 perducendam
1093 2166 1182 2230 litem
1198 2174 1347 2230 coactum
1363 2189 1451 2230 esse:

273 2276 397 2333 tantum
422 2265 524 2340 abest,
546 2273 580 2328 ut
612 2266 745 2328 crimine
778 2287 841 2327 non
871 2264 1008 2348 probato
1037 2267 1288 2330 calumniatores
1310 2268 1402 2346 liant,
1423 2275 1452 2328 ut
1501 2299 1502 2304 1

272 2383 315 2432 ne
340 2369 612 2453 tergiversatores
636 2363 763 2449 quidem
780 2362 962 2444 videantur,
985 2387 1057 2428 cum
1075 2363 1116 2428 ab
1139 2365 1331 2428 executione
1354 2365 1451 2428 desis·

270 2473 349 2529 tant.
391 2465 474 2530 Nom
500 2465 603 2546 „inter
624 2463 839 2526 voluntariam
871 2465 1110 2528 accusationem
1139 2473 1172 2527 et
1193 2464 1293 2528 oflicii
1314 2466 1451 2528 necessi·

270 2572 370 2628 tatem
393 2563 587 2650 permultum
608 2564 771 2626 interest“.

752 2777 796 2827 11.
831 2775 879 2826 De
897 2785 960 2824 reo.

353 2902 382 2968 E
414 2905 575 2990 principio
608 2903 828 2990 dispositionis
865 2907 1009 2990 sequitur
1042 2905 1126 2990 quod
1157 2908 1338 2968 rectissime
1375 2907 1451 2968 dixit

272 3002 491 3082 Constantius,
514 3005 704 3068 innocentes
727 3004 894 3070 habendos
918 3005 1033 3090 quibus
1056 3005 1208 3067 deessent
1230 3015 1451 3084 accusatores,

272 3101 330 3166 sed
354 3103 450 3166 etiam
474 3104 501 3168 si
523 3113 694 3166 accusator
716 3105 885 3184 exstiterit,
909 3113 1056 3167 mortuus
1079 3112 1185 3165 autem
1209 3105 1251 3165 sit
1273 3103 1326 3166 vel
1346 3127 1450 3188 perse-

271 3201 432 3264 cutionem
456 3202 632 3288 reliquerit,
660 3203 733 3286 ipso
759 3204 834 3288 jure
866 3227 956 3266 reum
987 3201 1027 3266 ab
1052 3204 1260 3266 accusatione
1282 3201 1450 3266 liberatum
1498 3249 1499 3270 t

269 3319 345 3364 esse
367 3299 627 3365 contendendum
652 3310 709 3367 est.

353 3397 568 3462 Ecoutrauio
592 3406 697 3462 sertem
729 3399 807 3462 dicit
840 3400 996 3484 Ulpianus
1028 3401 1059 3465 iu
1082 3401 1102 3464 l.
1123 3403 1144 3464 5
1166 3425 1213 3487 pr.
1234 3405 1276 3470 D.
1299 3402 1351 3484 48,
1375 3407 1389 3466 1
1415 3405 1450 3466 de

269 3495 408 3580 publicis
425 3497 579 3583 judiciis:
624 3498 679 3578 „Si
708 3501 778 3583 quis
808 3522 882 3562 reus
918 3501 1025 3564 factus
1058 3511 1124 3565 cst:
1147 3527 1285 3584 purpose
1306 3526 1334 3566 se
1357 3509 1450 3567 debet:
1497 3539 1498 3568 r

271 3617 333 3662 neo
356 3607 430 3659 aute
453 3607 562 3682 potest
584 3619 739 3661 accusare
769 3619 863 3682 quam
892 3599 990 3662 fuerit
1017 3611 1201 3666 excusatus.
1245 3599 1449 3666 Constitutio-

272 3692 366 3756 nibus
389 3696 473 3758 eninr
497 3694 697 3776 observatur,
719 3710 754 3760 ut
777 3720 845 3760 corr
867 3705 1018 3762 relatione
1039 3707 1207 3764 arietinum
1228 3707 1278 3763 sed
1299 3709 1449 3764 innoeen-

272 3801 317 3855 tio
343 3818 413 3856 reus
440 3802 623 3876 perpetrat
667 3794 883 3862 Adversarios
913 3819 1039 3862 reorum
1075 3809 1188 3864 auctos
1219 3823 1291 3863 esse
1323 3821 1365 3862 ex
1392 3800 1449 3862 hac

270 3890 342 3974 lege
373 3894 576 3976 apertissime
607 3893 729 3958 elucet:
759 3917 823 3958 uon
852 3895 953 3958 solum
983 3905 1096 3960 contra
1127 3907 1364 3979 accusatorem,
1394 3899 1448 3962 sed
1496 3915 1497 3978 j

272 3992 496 4075 contraipsam
508 3993 671 4056 civitatem
683 4013 741 4078 pro
758 3993 942 4059 innocentia
951 4017 1009 4060 sua
1022 3995 1177 4061 dimicare
1187 3996 1286 4061 debet
1301 4003 1334 4083 ¹),
1343 4020 1408 4062 non
1419 4001 1448 4062 iu
1496 3983 1497 4033 l

273 4161 327 4168 *-

340 4247 365 4311 1)
384 4249 430 4298 clr.
448 4249 552 4300 Novell.
571 4251 718 4302 iustiniani
737 4253 820 4316 XVII,
838 4271 864 4306 c.
883 4257 907 4306 δ.
