3082 4966
590 346 795 410 ...37ss

103 537 244 614 excepto
267 528 400 592 erimine
422 528 505 610 falsi,
530 528 583 592 ubi
608 529 662 592 diu
692 530 724 590 in
746 536 916 613 utramque
939 540 1063 614 partem
1087 530 1284 596 vacillabant

103 628 329 711 imperatores,

251 725 270 790 l.
291 727 320 804 2,
352 728 373 788 4
403 726 439 792 O.
468 725 526 788 Th.
556 726 598 788 ad
619 725 683 808 leg.
707 723 834 789 Oornel.
858 723 897 786 de
921 726 1003 790 falso
1026 729 1055 807 9,
1079 727 1138 808 19;
1161 728 1179 790 l.
1201 727 1222 790 5
1246 728 1283 792 O.

252 824 310 887 Th.
334 824 373 887 (le
396 847 504 890 accus.
527 824 556 904 9,
583 823 658 904 131.
683 821 729 901 16,
752 821 771 888 l.
795 823 891 886 170.
915 823 954 886 dc
978 847 1083 892 accus.
1106 829 1133 905 9,
1156 826 1184 892 2.

104 923 245 1009 denique
267 932 373 986 autem
398 933 430 985 et
451 923 501 986 lric
525 948 563 986 sa
586 944 666 1008 opus
689 931 766 983 crat.
810 923 975 984 Accusare
998 924 1079 986 citra
1101 923 1283 1007 inscriptio-

103 1045 179 1084 nem
202 1021 305 1084 solum
335 1023 369 1083 in
398 1020 552 1104 abigeatu
581 1022 773 1106 permissum
805 1031 875 1084 crat
900 1026 983 1104 (arg.
1018 1022 1036 1083 l.
1059 1045 1112 1088 un.
1134 1022 1169 1089 O.
1193 1023 1221 1103 9,
1243 1023 1283 1086 37

103 1119 132 1182 h.
157 1122 203 1203 t),
225 1118 281 1181 sed
304 1119 425 1198 dubito,
448 1141 488 1181 an
511 1142 574 1182 non
597 1119 702 1183 civilis
723 1121 801 1182 furti
816 1121 900 1182 actio
922 1119 973 1183 hic
988 1121 1134 1204 intellegi
1156 1121 1284 1186 debeat.

187 1218 280 1296 Quae
313 1218 447 1303 nrajoris
476 1218 630 1302 ponderis
662 1226 711 1280 est
739 1219 788 1280 vis
810 1219 1039 1302 inscriptionis,
1062 1230 1095 1282 ut
1117 1229 1284 1283 accusato-

105 1340 173 1380 rem
198 1318 250 1402 qui
272 1339 339 1379 rem
362 1339 425 1381 non
447 1314 618 1399 probasset
633 1337 739 1399 poena
760 1317 890 1380 talionis
907 1318 1068 1401 affligeret
1087 1323 1120 1402 ¹),
1142 1317 1204 1382 huo
1219 1341 1284 1383 non

104 1417 255 1499 pertinet,
279 1437 350 1478 cum
379 1415 424 1476 nil
456 1416 496 1476 sit
526 1414 614 1476 aliud
644 1415 706 1477 nisi
733 1414 998 1478 calumniatorem
1022 1438 1221 1501 poenaque
1244 1417 1283 1480 de

106 1538 141 1577 re
161 1516 230 1599 jam
263 1536 360 1597 supra
390 1525 494 1576 actum
525 1516 626 1595 este).
669 1514 750 1576 Nam
781 1513 822 1576 ob
855 1535 925 1578 eam
954 1515 1054 1578 solam
1084 1537 1216 1578 oausam
1239 1517 1285 1578 in-

105 1614 239 1696 scriptio
261 1613 343 1676 tanti
365 1612 518 1675 momenti
540 1611 640 1674 fuisse
663 1611 756 1675 nobis
780 1621 926 1696 apparet,
949 1615 1035 1698 quod
1067 1615 1210 1677 civitatis
1228 1616 1283 1698 jus

104 1711 300 1796 postulandi,
331 1719 364 1773 ut
394 1719 563 1772 accusator
592 1709 680 1773 litem
710 1711 751 1773 ad
780 1712 876 1774 linem
906 1711 1070 1795 perdurat,
1094 1735 1133 1774 ea
1155 1712 1283 1775 demum

104 1809 276 1875 stabilitur.
300 1811 410 1893 ltaque
432 1809 657 1892 fidejussorem
675 1809 753 1872 dare
778 1809 874 1872 debet
890 1809 1015 1873 delator
1037 1810 1077 1874 de
1100 1811 1284 1874 exercenda

106 1911 171 1986 lite,
199 1909 292 1992 cujus
323 1909 370 1972 rei
400 1909 638 1970 Antoninus
668 1909 700 1992 (l.
733 1911 749 1970 l
774 1908 809 1974 Ο.
831 1908 860 1988 9,
879 1908 921 1971 45
943 1909 986 1972 ad
1009 1909 1068 1972 SO.
1092 1909 1227 1994 Turpil.)
1251 1918 1283 1972 et

106 2007 349 2072 Alexander
378 2006 411 2090 (l.
440 2006 460 2068 3
493 2009 529 2072 l).
560 2005 589 2086 9,
622 2006 701 2068 lde
723 2005 771 2068 his
794 2008 848 2090 qui
870 2027 1024 2070 accusare
1047 2027 1111 2068 non
1134 2012 1284 2091 possunt)

106 2109 152 2169 ita
176 2105 371 2168 alentionem
392 2105 525 2182 faciunt,
554 2112 589 2166 ut
617 2105 649 2166 in
678 2102 815 2189 publicis
848 2104 976 2189 quidem
1002 2103 1134 2190 judiciis
1157 2125 1284 2190 semper

106 2204 320 2288 fidejussores
343 2203 436 2265 datos
459 2224 531 2265 esse
554 2201 632 2264 mihi
653 2223 843 2286 persuasum
873 2203 914 2264 sit
929 2205 972 2284 ³),
1000 2203 1194 2286 quinetiam
1217 2203 1287 2265 vin·

94 2304 190 2382 ¹citur
212 2309 383 2365 mereator
402 2321 467 2363 non
490 2300 584 2364 aliter
610 2322 705 2385 quam
736 2321 820 2378 reus,
850 2299 935 2384 quod
963 2300 1102 2384 primum
1125 2301 1283 2363 sancitum

106 2423 180 2464 esse
203 2401 366 2464 invenitur
386 2421 445 2484 per
466 2398 686 2462 Valentiniani
707 2397 918 2482 Valentieque
934 2399 1127 2484 rescriptum
1150 2402 1194 2482 (a.
1207 2397 1284 2466 366:

106 2500 125 2563 l.
153 2500 173 2560 8
205 2499 242 2565 O.
270 2497 327 2562 Th.
359 2497 387 2578 9,
415 2501 431 2560 1
462 2496 502 2560 de
533 2499 665 2580 accus),
692 2506 758 2560 tum
789 2519 848 2581 per
884 2499 1032 2562 Gratiani
1065 2487 1285 2562 Valentiniani

108 2599 287 2662 Theodosii
309 2597 570 2660 constitutionem
600 2600 643 2678 (a.
664 2596 743 2659 380:
766 2595 784 2658 l.
805 2596 825 2657 2
847 2597 883 2663 0.
906 2597 934 2678 9,
956 2597 976 2659 3
998 2595 1039 2660 de
1062 2595 1167 2662 exhib.
1190 2597 1286 2682 τοῖς),

108 2697 226 2762 deinde
248 2719 307 2781 per
331 2696 470 2758 Honorii
499 2703 530 2757 et
551 2693 727 2758 Theodosii
749 2695 852 2780 legem
879 2695 913 2779 (l.
944 2696 980 2758 17
1010 2719 1056 2780 pr.
1086 2695 1120 2760 O.
1151 2696 1180 2776 9,
1202 2697 1222 2758 2
1244 2695 1285 2758 de

110 2800 244 2880 acone),
266 2796 358 2880 cujus
380 2793 461 2857 haec
490 2793 610 2856 rerba:
653 2793 738 2874 ,Sed
766 2796 948 2880 quicunque
978 2795 1030 2858 ille
1061 2805 1119 2875 est,
1151 2795 1206 2880 qui
1228 2796 1287 2857 cri-

110 2995 331 3079 inseriptionis
355 2995 498 3078 arripiat,
520 3000 679 3056 custodiae
692 3001 935 3070 similitudinem,
959 2991 1069 3058 habita
1090 3003 1200 3054 tamen
1216 2988 1287 3076 dig·

108 3097 221 3160 nitatis
244 3095 481 3174 aestimatione,
501 3102 678 3173 potiotcr“.

129 3241 132 3250 .
193 3195 272 3258 Jure
295 3215 352 3257 suo
377 3203 469 3256 utens
485 3193 640 3256 admonet
659 3193 773 3254 civitas
790 3213 847 3274 per
867 3191 1077 3274 magistratus
1094 3211 1169 3253 suos
1191 3209 1286 3253 aceu-

109 3304 250 3358 satorem
274 3301 347 3377 post
369 3293 509 3355 delatum
533 3293 655 3354 crimen
678 3300 911 3372 contumacem,
944 3300 977 3352 ut
999 3299 1137 3374 peragat
1159 3311 1290 3353 accusa-

109 3396 243 3457 tionem.
287 3392 349 3472 ,Et
382 3393 509 3476 peregit
541 3392 670 3469 invitus,
701 3389 778 3453 dicit
807 3391 972 3454 Plinius
1004 3406 1053 3473 ep.
1086 3387 1210 3468 Vl,·30,
1232 3386 1290 3451 sed

116 3590 335 3603 u—-n--y--o-m--o
339 3589 408 3596 ...u-«-

178 3689 204 3754 t)
223 3693 300 3743 Hauc
316 3691 496 3754 inscriptionis
512 3690 698 3738 auctoritatem
714 3689 870 3752 praesertim
887 3690 974 3737 tontes
992 3688 1074 3738 nostri
1093 3688 1226 3748 premunt.
1246 3683 1288 3734 Ae

108 3778 136 3826 id
155 3791 213 3824 eam
233 3775 383 3838 „inventam
400 3769 475 3822 esse“
494 3777 570 3836 putat
586 3773 717 3834 Ulpianus
736 3775 763 3822 in
781 3772 798 3821 l.
819 3774 832 3819 7
859 3787 897 3836 pr.
914 3772 937 3830 ξ.
957 3774 969 3819 1
988 3772 1027 3820 D.
1042 3770 1082 3832 48,
1102 3772 1116 3834 2
1135 3769 1285 3830 (teuscus,

107 3861 156 3908 ct'r.
176 3859 193 3906 l.
215 3860 244 3906 14
264 3858 293 3906 0.
311 3857 362 3906 Th.
381 3858 405 3918 9,
427 3859 438 3904 l
457 3856 489 3904 de
507 3871 610 3916 accus.;
627 3857 644 3905 l.
664 3857 694 3903 10
714 3855 743 3904 C.
766 3855 790 3916 9,
810 3856 842 3902 le
868 3855 900 3903 de
916 3853 1068 3902 calumniat.
1104 3851 1121 3898 S
1129 3850 1277 3914 ymmach

107 3961 151 4008 ep.
170 3943 202 4003 X,
222 3943 268 4002 70,
287 3941 355 3990 hanc
373 3940 454 3990 solam
473 3939 594 4002 agnoscit
615 3940 870 3988 Brencmannuc
899 3937 915 3985 l.
936 3951 958 3984 c.
976 3934 1049 3984 mee.
1084 3933 1125 3982 Ob
1143 3932 1211 3982 hanc
1228 3948 1288 3981 cau-

106 4043 165 4080 sam
182 4025 338 4084 andorn,
362 4024 392 4074 R.
422 4021 563 4074 R.-Gesch.
593 4021 629 4082 11,
657 4021 706 4070 458
734 4037 792 4072 eam
818 4019 1016 4083 restipulationi
1038 4031 1179 4081 processus
1201 4016 1288 4065 civilis

106 4114 252 4174 comparat.
286 4110 338 4158 Per
356 4124 413 4156 eam
428 4105 558 4169 judicium
577 4103 607 4154 fit
623 4104 722 4169 duplex
739 4104 756 4156 l.
776 4105 791 4152 8
809 4103 832 4164 ξ,
850 4105 865 4152 2
885 4102 914 4152 C.
935 4101 983 4150 Th.
1004 4099 1036 4150 de
1054 4097 1133 4163 injur.
1153 4101 1177 4162 a,
1198 4101 1219 4147 1.

175 4193 201 4253 ⁸2)
219 4209 244 4256 p.
264 4194 296 4240 32
315 4207 371 4254 seq.

176 4275 202 4330 3l
220 4277 354 4326 Dissentit
372 4276 609 4324 Herrmaunue
626 4289 652 4336 p.
671 4273 713 4324 94.
