<?xml version="1.0" encoding="UTF-8"?>
<!DOCTYPE html PUBLIC "-//W3C//DTD XHTML 1.0 Transitional//EN"
    "http://www.w3.org/TR/xhtml1/DTD/xhtml1-transitional.dtd">
<html xmlns="http://www.w3.org/1999/xhtml" xml:lang="en" lang="en">
 <head>
  <title>
</title>
<meta http-equiv="Content-Type" content="text/html;charset=utf-8" />
  <meta name='ocr-system' content='tesseract 3.04.00' />
  <meta name='ocr-capabilities' content='ocr_page ocr_carea ocr_par ocr_line ocrx_word'/>
</head>
<body>
  <div class='ocr_page' id='page_1' title='image "./denaturainquisi00bindgoog_0043.png"; bbox 0 0 3082 4966; ppageno 0'>
   <div class='ocr_carea' id='block_1_1' title="bbox 710 1204 1034 1273">
    <p class='ocr_par' dir='ltr' id='par_1_1' title="bbox 710 1204 1034 1273">
     <span class='ocr_line' id='line_1_1' title="bbox 710 1204 1034 1273; baseline 0.015 -5"><span class='ocrx_word' id='word_1_1' title='bbox 710 1206 822 1270; x_wconf 86' lang='lat' dir='ltr'>PARS</span> <span class='ocrx_word' id='word_1_2' title='bbox 843 1204 1034 1273; x_wconf 84' lang='lat' dir='ltr'><strong>ALTERA.</strong></span> 
     </span>
    </p>
   </div>
   <div class='ocr_carea' id='block_1_2' title="bbox 313 1379 1438 1630">
    <p class='ocr_par' dir='ltr' id='par_1_2' title="bbox 313 1379 1438 1630">
     <span class='ocr_line' id='line_1_2' title="bbox 313 1379 1438 1488; baseline -0.001 -17"><span class='ocrx_word' id='word_1_3' title='bbox 313 1379 532 1488; x_wconf 80' lang='lat' dir='ltr'>ouluuu</span> <span class='ocrx_word' id='word_1_4' title='bbox 563 1380 834 1471; x_wconf 79' lang='lat' dir='ltr'>rainerum</span> <span class='ocrx_word' id='word_1_5' title='bbox 861 1379 1181 1473; x_wconf 79' lang='lat' dir='ltr'>racusanus</span> <span class='ocrx_word' id='word_1_6' title='bbox 1203 1380 1438 1472; x_wconf 75' lang='lat' dir='ltr'>rituam</span> 
     </span>
     <span class='ocr_line' id='line_1_3' title="bbox 449 1516 1293 1630; baseline 0.004 -24"><span class='ocrx_word' id='word_1_7' title='bbox 449 1519 498 1608; x_wconf 87' lang='lat' dir='ltr'>u</span> <span class='ocrx_word' id='word_1_8' title='bbox 527 1517 806 1630; x_wconf 72' lang='lat' dir='ltr'>tunorium</span> <span class='ocrx_word' id='word_1_9' title='bbox 838 1516 996 1610; x_wconf 81' lang='lat' dir='ltr'>roam</span> <span class='ocrx_word' id='word_1_10' title='bbox 1027 1516 1224 1609; x_wconf 84' lang='lat' dir='ltr'>raoeuss</span> <span class='ocrx_word' id='word_1_11' title='bbox 1260 1517 1293 1609; x_wconf 75' lang='lat' dir='ltr'>s,</span> 
     </span>
    </p>
   </div>
   <div class='ocr_carea' id='block_1_3' title="bbox 277 1976 1464 2928">
    <p class='ocr_par' dir='ltr' id='par_1_3' title="bbox 277 1976 1464 2928">
     <span class='ocr_line' id='line_1_4' title="bbox 363 1976 1464 2060; baseline -0.001 -22"><span class='ocrx_word' id='word_1_12' title='bbox 363 1977 539 2039; x_wconf 88' lang='lat' dir='ltr'>Processus</span> <span class='ocrx_word' id='word_1_13' title='bbox 562 1976 738 2040; x_wconf 87' lang='lat' dir='ltr'>criminalis</span> <span class='ocrx_word' id='word_1_14' title='bbox 760 1977 864 2038; x_wconf 86' lang='lat' dir='ltr'>forma</span> <span class='ocrx_word' id='word_1_15' title='bbox 887 1991 942 2042; x_wconf 88' lang='lat' dir='ltr'>aut</span> <span class='ocrx_word' id='word_1_16' title='bbox 957 1977 1162 2040; x_wconf 84' lang='lat' dir='ltr'>accusatoria</span> <span class='ocrx_word' id='word_1_17' title='bbox 1184 1985 1238 2040; x_wconf 90' lang='lat' dir='ltr'>aut</span> <span class='ocrx_word' id='word_1_18' title='bbox 1259 1977 1464 2060; x_wconf 79' lang='lat' dir='ltr'>inquisitoris</span> 
     </span>
     <span class='ocr_line' id='line_1_5' title="bbox 284 2077 1462 2161; baseline -0.001 -23"><span class='ocrx_word' id='word_1_19' title='bbox 284 2083 341 2156; x_wconf 88' lang='lat' dir='ltr'>est,</span> <span class='ocrx_word' id='word_1_20' title='bbox 364 2097 445 2161; x_wconf 87' lang='lat' dir='ltr'>quae</span> <span class='ocrx_word' id='word_1_21' title='bbox 474 2084 608 2160; x_wconf 90' lang='lat' dir='ltr'>utraque</span> <span class='ocrx_word' id='word_1_22' title='bbox 637 2077 743 2139; x_wconf 86' lang='lat' dir='ltr'>forma</span> <span class='ocrx_word' id='word_1_23' title='bbox 774 2077 900 2160; x_wconf 84' lang='lat' dir='ltr'>utrique</span> <span class='ocrx_word' id='word_1_24' title='bbox 932 2077 1108 2159; x_wconf 87' lang='lat' dir='ltr'>principio,</span> <span class='ocrx_word' id='word_1_25' title='bbox 1141 2078 1210 2138; x_wconf 85' lang='lat' dir='ltr'>sive</span> <span class='ocrx_word' id='word_1_26' title='bbox 1239 2077 1462 2160; x_wconf 81' lang='lat' dir='ltr'>dispositionis</span> 
     </span>
     <span class='ocr_line' id='line_1_6' title="bbox 283 2173 1461 2258; baseline -0.003 -20"><span class='ocrx_word' id='word_1_27' title='bbox 283 2177 352 2238; x_wconf 87' lang='lat' dir='ltr'>sive</span> <span class='ocrx_word' id='word_1_28' title='bbox 373 2175 590 2255; x_wconf 80' lang='lat' dir='ltr'>necessitatis,</span> <span class='ocrx_word' id='word_1_29' title='bbox 624 2177 781 2238; x_wconf 84' lang='lat' dir='ltr'>inservire</span> <span class='ocrx_word' id='word_1_30' title='bbox 813 2183 927 2258; x_wconf 88' lang='lat' dir='ltr'>potest.</span> <span class='ocrx_word' id='word_1_31' title='bbox 972 2173 1201 2254; x_wconf 80' lang='lat' dir='ltr'><strong>Quamobrem,</strong></span> <span class='ocrx_word' id='word_1_32' title='bbox 1224 2176 1353 2238; x_wconf 88' lang='lat' dir='ltr'>etiamsi</span> <span class='ocrx_word' id='word_1_33' title='bbox 1374 2173 1461 2257; x_wconf 89' lang='lat' dir='ltr'>apud</span> 
     </span>
     <span class='ocr_line' id='line_1_7' title="bbox 280 2274 1460 2358; baseline -0.003 -20"><span class='ocrx_word' id='word_1_34' title='bbox 280 2274 445 2338; x_wconf 89' lang='lat' dir='ltr'>Romanos</span> <span class='ocrx_word' id='word_1_35' title='bbox 467 2276 573 2338; x_wconf 82' lang='lat' dir='ltr'>forma</span> <span class='ocrx_word' id='word_1_36' title='bbox 595 2276 811 2336; x_wconf 79' lang='lat' dir='ltr'>accusationis</span> <span class='ocrx_word' id='word_1_37' title='bbox 834 2277 1026 2357; x_wconf 87' lang='lat' dir='ltr'>praesertim</span> <span class='ocrx_word' id='word_1_38' title='bbox 1057 2274 1277 2358; x_wconf 86' lang='lat' dir='ltr'>dispositionis</span> <span class='ocrx_word' id='word_1_39' title='bbox 1300 2275 1460 2358; x_wconf 88' lang='lat' dir='ltr'>principio</span> 
     </span>
     <span class='ocr_line' id='line_1_8' title="bbox 281 2372 1461 2458; baseline -0.001 -21"><span class='ocrx_word' id='word_1_40' title='bbox 281 2373 498 2438; x_wconf 87' lang='lat' dir='ltr'>adscribenda</span> <span class='ocrx_word' id='word_1_41' title='bbox 520 2381 577 2451; x_wconf 87' lang='lat' dir='ltr'>est,</span> <span class='ocrx_word' id='word_1_42' title='bbox 600 2372 804 2435; x_wconf 81' lang='lat' dir='ltr'>nihilominus</span> <span class='ocrx_word' id='word_1_43' title='bbox 826 2373 1089 2457; x_wconf 87' lang='lat' dir='ltr'>investigandum</span> <span class='ocrx_word' id='word_1_44' title='bbox 1112 2382 1189 2453; x_wconf 88' lang='lat' dir='ltr'>erat,</span> <span class='ocrx_word' id='word_1_45' title='bbox 1212 2383 1318 2437; x_wconf 90' lang='lat' dir='ltr'>utrum</span> <span class='ocrx_word' id='word_1_46' title='bbox 1342 2375 1461 2458; x_wconf 82' lang='lat' dir='ltr'>princi-</span> 
     </span>
     <span class='ocr_line' id='line_1_9' title="bbox 281 2470 1460 2556; baseline -0.003 -21"><span class='ocrx_word' id='word_1_47' title='bbox 281 2474 368 2556; x_wconf 90' lang='lat' dir='ltr'>pium</span> <span class='ocrx_word' id='word_1_48' title='bbox 389 2472 594 2535; x_wconf 79' lang='lat' dir='ltr'>necessitatis</span> <span class='ocrx_word' id='word_1_49' title='bbox 610 2492 736 2556; x_wconf 86' lang='lat' dir='ltr'>quoque</span> <span class='ocrx_word' id='word_1_50' title='bbox 759 2470 819 2534; x_wconf 91' lang='lat' dir='ltr'>hac</span> <span class='ocrx_word' id='word_1_51' title='bbox 842 2473 978 2534; x_wconf 88' lang='lat' dir='ltr'>crimina</span> <span class='ocrx_word' id='word_1_52' title='bbox 993 2471 1212 2556; x_wconf 87' lang='lat' dir='ltr'>persequendi</span> <span class='ocrx_word' id='word_1_53' title='bbox 1225 2473 1351 2536; x_wconf 86' lang='lat' dir='ltr'>ratione</span> <span class='ocrx_word' id='word_1_54' title='bbox 1367 2494 1460 2536; x_wconf 90' lang='lat' dir='ltr'>usum</span> 
     </span>
     <span class='ocr_line' id='line_1_10' title="bbox 280 2569 1460 2655; baseline 0 -23"><span class='ocrx_word' id='word_1_55' title='bbox 280 2579 448 2634; x_wconf 87' lang='lat' dir='ltr'>essetnec</span> <span class='ocrx_word' id='word_1_56' title='bbox 470 2592 531 2632; x_wconf 89' lang='lat' dir='ltr'>ne:</span> <span class='ocrx_word' id='word_1_57' title='bbox 554 2569 639 2652; x_wconf 90' lang='lat' dir='ltr'>quod</span> <span class='ocrx_word' id='word_1_58' title='bbox 660 2569 781 2632; x_wconf 87' lang='lat' dir='ltr'>factum</span> <span class='ocrx_word' id='word_1_59' title='bbox 802 2591 874 2632; x_wconf 88' lang='lat' dir='ltr'>esse</span> <span class='ocrx_word' id='word_1_60' title='bbox 898 2592 996 2652; x_wconf 88' lang='lat' dir='ltr'>supra</span> <span class='ocrx_word' id='word_1_61' title='bbox 1014 2571 1083 2655; x_wconf 89' lang='lat' dir='ltr'>jam</span> <span class='ocrx_word' id='word_1_62' title='bbox 1108 2572 1266 2654; x_wconf 83' lang='lat' dir='ltr'>apparuit.</span> <span class='ocrx_word' id='word_1_63' title='bbox 1288 2570 1383 2634; x_wconf 88' lang='lat' dir='ltr'>Nunc</span> <span class='ocrx_word' id='word_1_64' title='bbox 1407 2592 1460 2632; x_wconf 86' lang='lat' dir='ltr'>au-</span> 
     </span>
     <span class='ocr_line' id='line_1_11' title="bbox 277 2667 1455 2752; baseline 0 -22"><span class='ocrx_word' id='word_1_65' title='bbox 277 2677 341 2732; x_wconf 89' lang='lat' dir='ltr'>tem</span> <span class='ocrx_word' id='word_1_66' title='bbox 364 2667 594 2752; x_wconf 82' lang='lat' dir='ltr'>indagandum,</span> <span class='ocrx_word' id='word_1_67' title='bbox 617 2675 774 2750; x_wconf 89' lang='lat' dir='ltr'>quatenus</span> <span class='ocrx_word' id='word_1_68' title='bbox 790 2689 909 2730; x_wconf 88' lang='lat' dir='ltr'>novum</span> <span class='ocrx_word' id='word_1_69' title='bbox 931 2667 1009 2730; x_wconf 90' lang='lat' dir='ltr'>illud</span> <span class='ocrx_word' id='word_1_70' title='bbox 1031 2669 1237 2731; x_wconf 76' lang='lat' dir='ltr'>necessitatis</span> <span class='ocrx_word' id='word_1_71' title='bbox 1260 2669 1455 2752; x_wconf 89' lang='lat' dir='ltr'>principium</span> 
     </span>
     <span class='ocr_line' id='line_1_12' title="bbox 279 2764 1458 2851; baseline -0.002 -21"><span class='ocrx_word' id='word_1_72' title='bbox 279 2768 416 2831; x_wconf 84' lang='lat' dir='ltr'>formam</span> <span class='ocrx_word' id='word_1_73' title='bbox 440 2775 627 2830; x_wconf 87' lang='lat' dir='ltr'>consuetam</span> <span class='ocrx_word' id='word_1_74' title='bbox 659 2764 719 2828; x_wconf 90' lang='lat' dir='ltr'>sibi</span> <span class='ocrx_word' id='word_1_75' title='bbox 751 2767 908 2850; x_wconf 86' lang='lat' dir='ltr'>aptiorem</span> <span class='ocrx_word' id='word_1_76' title='bbox 938 2766 1060 2844; x_wconf 84' lang='lat' dir='ltr'>fecerit,</span> <span class='ocrx_word' id='word_1_77' title='bbox 1090 2789 1229 2851; x_wconf 87' lang='lat' dir='ltr'>quamve</span> <span class='ocrx_word' id='word_1_78' title='bbox 1251 2788 1369 2830; x_wconf 87' lang='lat' dir='ltr'>novam</span> <span class='ocrx_word' id='word_1_79' title='bbox 1395 2767 1458 2830; x_wconf 87' lang='lat' dir='ltr'>for-</span> 
     </span>
     <span class='ocr_line' id='line_1_13' title="bbox 279 2867 556 2928; baseline -0.011 0"><span class='ocrx_word' id='word_1_80' title='bbox 279 2887 364 2928; x_wconf 90' lang='lat' dir='ltr'>mam</span> <span class='ocrx_word' id='word_1_81' title='bbox 387 2867 556 2928; x_wconf 87' lang='lat' dir='ltr'>creaverit.</span> 
     </span>
    </p>
   </div>
   <div class='ocr_carea' id='block_1_4' title="bbox 560 3140 1171 3400">
    <p class='ocr_par' dir='ltr' id='par_1_4' title="bbox 560 3140 1171 3400">
     <span class='ocr_line' id='line_1_14' title="bbox 711 3140 1018 3208; baseline -0.007 -2"><span class='ocrx_word' id='word_1_82' title='bbox 711 3141 857 3206; x_wconf 77' lang='lat' dir='ltr'>carun</span> <span class='ocrx_word' id='word_1_83' title='bbox 879 3140 1018 3208; x_wconf 78' lang='lat' dir='ltr'>Parus</span> 
     </span>
     <span class='ocr_line' id='line_1_15' title="bbox 560 3305 1171 3400; baseline -0.003 -2"><span class='ocrx_word' id='word_1_84' title='bbox 560 3309 621 3398; x_wconf 85' lang='lat' dir='ltr'>DE</span> <span class='ocrx_word' id='word_1_85' title='bbox 650 3307 809 3400; x_wconf 75' lang='lat' dir='ltr'>soum</span> <span class='ocrx_word' id='word_1_86' title='bbox 838 3305 1171 3399; x_wconf 72' lang='lat' dir='ltr'>locustum.</span> 
     </span>
    </p>
   </div>
   <div class='ocr_carea' id='block_1_5' title="bbox 701 3568 1025 3618">
    <p class='ocr_par' dir='ltr' id='par_1_5' title="bbox 701 3568 1025 3618">
     <span class='ocr_line' id='line_1_16' title="bbox 701 3568 1025 3618; baseline -0.006 0"><span class='ocrx_word' id='word_1_87' title='bbox 701 3569 726 3618; x_wconf 91' lang='grc' dir='ltr'>Ι.</span> <span class='ocrx_word' id='word_1_88' title='bbox 761 3568 809 3617; x_wconf 84' lang='lat' dir='ltr'>De</span> <span class='ocrx_word' id='word_1_89' title='bbox 828 3569 1025 3616; x_wconf 77' lang='lat' dir='ltr'>accusatore.</span> 
     </span>
    </p>
   </div>
   <div class='ocr_carea' id='block_1_6' title="bbox 273 3693 1521 4470">
    <p class='ocr_par' dir='ltr' id='par_1_6' title="bbox 275 3693 1521 4176">
     <span class='ocr_line' id='line_1_17' title="bbox 359 3693 1457 3786; baseline -0.003 -28"><span class='ocrx_word' id='word_1_90' title='bbox 359 3696 519 3780; x_wconf 77' lang='lat' dir='ltr'>Exposcit</span> <span class='ocrx_word' id='word_1_91' title='bbox 541 3695 760 3781; x_wconf 87' lang='lat' dir='ltr'>dispositionis</span> <span class='ocrx_word' id='word_1_92' title='bbox 782 3697 977 3782; x_wconf 88' lang='lat' dir='ltr'>principium</span> <span class='ocrx_word' id='word_1_93' title='bbox 998 3694 1140 3786; x_wconf 79' lang='lat' dir='ltr'>liberam,</span> <span class='ocrx_word' id='word_1_94' title='bbox 1164 3693 1292 3780; x_wconf 90' lang='lat' dir='ltr'>quando</span> <span class='ocrx_word' id='word_1_95' title='bbox 1308 3695 1457 3773; x_wconf 85' lang='lat' dir='ltr'>voluerit,</span> 
     </span>
     <span class='ocr_line' id='line_1_18' title="bbox 277 3793 1455 3880; baseline -0.004 -21"><span class='ocrx_word' id='word_1_96' title='bbox 277 3798 474 3860; x_wconf 85' lang='lat' dir='ltr'>accusatoris</span> <span class='ocrx_word' id='word_1_97' title='bbox 499 3818 518 3859; x_wconf 89' lang='lat' dir='ltr'>a</span> <span class='ocrx_word' id='word_1_98' title='bbox 539 3798 764 3880; x_wconf 83' lang='lat' dir='ltr'>persecutione</span> <span class='ocrx_word' id='word_1_99' title='bbox 790 3798 933 3860; x_wconf 88' lang='lat' dir='ltr'>criminis</span> <span class='ocrx_word' id='word_1_100' title='bbox 954 3795 1134 3859; x_wconf 88' lang='lat' dir='ltr'>desistendi</span> <span class='ocrx_word' id='word_1_101' title='bbox 1155 3793 1351 3858; x_wconf 86' lang='lat' dir='ltr'>facultatem.</span> <span class='ocrx_word' id='word_1_102' title='bbox 1385 3793 1455 3856; x_wconf 88' lang='lat' dir='ltr'>Nec</span> 
     </span>
     <span class='ocr_line' id='line_1_19' title="bbox 277 3893 1521 3982; baseline -0.001 -26"><span class='ocrx_word' id='word_1_103' title='bbox 277 3895 391 3958; x_wconf 86' lang='lat' dir='ltr'>civitas</span> <span class='ocrx_word' id='word_1_104' title='bbox 420 3915 480 3957; x_wconf 91' lang='lat' dir='ltr'>nec</span> <span class='ocrx_word' id='word_1_105' title='bbox 510 3915 585 3957; x_wconf 89' lang='lat' dir='ltr'>reus</span> <span class='ocrx_word' id='word_1_106' title='bbox 615 3916 688 3956; x_wconf 88' lang='lat' dir='ltr'>eum</span> <span class='ocrx_word' id='word_1_107' title='bbox 721 3894 761 3958; x_wconf 89' lang='lat' dir='ltr'>ad</span> <span class='ocrx_word' id='word_1_108' title='bbox 790 3893 1032 3980; x_wconf 84' lang='lat' dir='ltr'>perducendam</span> <span class='ocrx_word' id='word_1_109' title='bbox 1065 3895 1304 3958; x_wconf 88' lang='lat' dir='ltr'>accusationem</span> <span class='ocrx_word' id='word_1_110' title='bbox 1336 3915 1454 3977; x_wconf 83' lang='lat' dir='ltr'>cogere</span> <span class='ocrx_word' id='word_1_111' title='bbox 1520 3977 1521 3982; x_wconf 8' lang='grc' dir='ltr'>ἵ</span> 
     </span>
     <span class='ocr_line' id='line_1_20' title="bbox 278 3983 1521 4076; baseline -0.002 -22"><span class='ocrx_word' id='word_1_112' title='bbox 278 3999 402 4076; x_wconf 83' lang='lat' dir='ltr'>potest3</span> <span class='ocrx_word' id='word_1_113' title='bbox 425 3991 510 4076; x_wconf 86' lang='lat' dir='ltr'>quod</span> <span class='ocrx_word' id='word_1_114' title='bbox 542 4013 614 4056; x_wconf 89' lang='lat' dir='ltr'>cum</span> <span class='ocrx_word' id='word_1_115' title='bbox 649 3993 794 4056; x_wconf 82' lang='lat' dir='ltr'>alterutri</span> <span class='ocrx_word' id='word_1_116' title='bbox 826 3994 936 4058; x_wconf 87' lang='lat' dir='ltr'>facere</span> <span class='ocrx_word' id='word_1_117' title='bbox 966 3991 1071 4073; x_wconf 79' lang='lat' dir='ltr'>liceat,</span> <span class='ocrx_word' id='word_1_118' title='bbox 1102 3992 1304 4076; x_wconf 89' lang='lat' dir='ltr'>apertissime</span> <span class='ocrx_word' id='word_1_119' title='bbox 1331 3992 1457 4076; x_wconf 84' lang='lat' dir='ltr'>princi·</span> <span class='ocrx_word' id='word_1_120' title='bbox 1520 3983 1521 4026; x_wconf 70' lang='lat' dir='ltr'>t</span> 
     </span>
     <span class='ocr_line' id='line_1_21' title="bbox 275 4089 1434 4176; baseline 0.003 -22"><span class='ocrx_word' id='word_1_121' title='bbox 275 4091 363 4174; x_wconf 90' lang='lat' dir='ltr'>pium</span> <span class='ocrx_word' id='word_1_122' title='bbox 386 4089 607 4174; x_wconf 87' lang='lat' dir='ltr'>dispositionis</span> <span class='ocrx_word' id='word_1_123' title='bbox 629 4091 747 4176; x_wconf 91' lang='lat' dir='ltr'>partim</span> <span class='ocrx_word' id='word_1_124' title='bbox 779 4099 966 4176; x_wconf 87' lang='lat' dir='ltr'>superatum</span> <span class='ocrx_word' id='word_1_125' title='bbox 989 4113 1061 4154; x_wconf 87' lang='lat' dir='ltr'>esse</span> <span class='ocrx_word' id='word_1_126' title='bbox 1085 4092 1340 4155; x_wconf 84' lang='lat' dir='ltr'>demonstratum</span> <span class='ocrx_word' id='word_1_127' title='bbox 1363 4092 1434 4156; x_wconf 86' lang='lat' dir='ltr'>erit.</span> 
     </span>
    </p>

    <p class='ocr_par' dir='ltr' id='par_1_7' title="bbox 273 4187 1455 4470">
     <span class='ocr_line' id='line_1_22' title="bbox 355 4187 1454 4274; baseline 0.003 -22"><span class='ocrx_word' id='word_1_128' title='bbox 355 4189 444 4252; x_wconf 92' lang='lat' dir='ltr'>Dicit</span> <span class='ocrx_word' id='word_1_129' title='bbox 465 4196 572 4252; x_wconf 87' lang='lat' dir='ltr'>autem</span> <span class='ocrx_word' id='word_1_130' title='bbox 593 4191 779 4254; x_wconf 89' lang='lat' dir='ltr'>Marcianus</span> <span class='ocrx_word' id='word_1_131' title='bbox 808 4192 855 4274; x_wconf 88' lang='lat' dir='ltr'>(in</span> <span class='ocrx_word' id='word_1_132' title='bbox 886 4190 905 4254; x_wconf 91' lang='lat' dir='ltr'>l.</span> <span class='ocrx_word' id='word_1_133' title='bbox 936 4193 952 4253; x_wconf 91' lang='lat'>1</span> <span class='ocrx_word' id='word_1_134' title='bbox 985 4195 1014 4272; x_wconf 64' lang='grc' dir='ltr'>ξ.</span> <span class='ocrx_word' id='word_1_135' title='bbox 1048 4189 1088 4254; x_wconf 90' lang='grc'>10</span> <span class='ocrx_word' id='word_1_136' title='bbox 1113 4191 1154 4254; x_wconf 87' lang='lat' dir='ltr'>D.</span> <span class='ocrx_word' id='word_1_137' title='bbox 1182 4188 1225 4255; x_wconf 88' lang='lat' dir='ltr'>ad</span> <span class='ocrx_word' id='word_1_138' title='bbox 1246 4187 1307 4256; x_wconf 83' lang='lat' dir='ltr'>SC.</span> <span class='ocrx_word' id='word_1_139' title='bbox 1330 4188 1454 4272; x_wconf 85' lang='lat' dir='ltr'>Turpil.</span> 
     </span>
     <span class='ocr_line' id='line_1_23' title="bbox 273 4285 1454 4374; baseline 0 -26"><span class='ocrx_word' id='word_1_140' title='bbox 273 4285 324 4367; x_wconf 86' lang='lat'>48,</span> <span class='ocrx_word' id='word_1_141' title='bbox 348 4287 411 4372; x_wconf 86' lang='lat'><strong>16),</strong></span> <span class='ocrx_word' id='word_1_142' title='bbox 434 4287 539 4372; x_wconf 85' lang='lat' dir='ltr'>„quod</span> <span class='ocrx_word' id='word_1_143' title='bbox 563 4287 793 4374; x_wconf 87' lang='lat' dir='ltr'>qualiscunque</span> <span class='ocrx_word' id='word_1_144' title='bbox 825 4290 988 4352; x_wconf 89' lang='lat' dir='ltr'>accusatio</span> <span class='ocrx_word' id='word_1_145' title='bbox 1017 4289 1107 4352; x_wconf 89' lang='lat' dir='ltr'>illata</span> <span class='ocrx_word' id='word_1_146' title='bbox 1129 4287 1356 4372; x_wconf 85' lang='lat' dir='ltr'>cognoscentis</span> <span class='ocrx_word' id='word_1_147' title='bbox 1379 4309 1454 4349; x_wconf 88' lang='lat' dir='ltr'>auc-</span> 
     </span>
     <span class='ocr_line' id='line_1_24' title="bbox 274 4384 1455 4470; baseline -0.002 -22"><span class='ocrx_word' id='word_1_148' title='bbox 274 4386 403 4449; x_wconf 87' lang='lat' dir='ltr'>toritate</span> <span class='ocrx_word' id='word_1_149' title='bbox 425 4407 489 4450; x_wconf 90' lang='lat' dir='ltr'>non</span> <span class='ocrx_word' id='word_1_150' title='bbox 512 4388 693 4450; x_wconf 85' lang='lat' dir='ltr'>accusantis</span> <span class='ocrx_word' id='word_1_151' title='bbox 723 4388 888 4452; x_wconf 86' lang='lat' dir='ltr'>voluntate</span> <span class='ocrx_word' id='word_1_152' title='bbox 920 4386 1043 4450; x_wconf 79' lang='lat' dir='ltr'>aboleri</span> <span class='ocrx_word' id='word_1_153' title='bbox 1066 4384 1191 4450; x_wconf 85' lang='lat' dir='ltr'>debet“.</span> <span class='ocrx_word' id='word_1_154' title='bbox 1237 4384 1455 4470; x_wconf 85' lang='lat' dir='ltr'>Suppleverat</span> 
     </span>
    </p>
   </div>
   <div class='ocr_carea' id='block_1_7' title="bbox 0 0 1546 4966">
    <p class='ocr_par' dir='ltr' id='par_1_8' title="bbox 0 0 1546 4966">
     <span class='ocr_line' id='line_1_25' title="bbox 0 0 1546 4966; baseline 0 2"><span class='ocrx_word' id='word_1_155' title='bbox 0 0 1546 4966; x_wconf 95' lang='lat' dir='ltr'> </span> 
     </span>
    </p>
   </div>
  </div>
 </body>
</html>
