3082 4966
596 403 800 467 ..19„.

255 589 290 672 3)
311 586 472 650 delatores
495 606 536 648 ex
557 587 705 670 professo
729 582 802 664 dici,
825 585 879 669 qui
899 585 977 648 fisco
1001 585 1169 648 deferunt:
1192 605 1285 649 accu-

316 692 425 748 santes
447 705 511 748 non
535 683 636 747 solum
659 681 840 748 indicantes
858 687 892 768 1)·.

191 783 319 850 Nullum
346 791 452 848 eutem
482 783 665 845 invenimus
693 783 798 846 locum
815 787 852 867 ²),
879 803 940 868 quo
970 781 1085 860 verbo,
1119 783 1204 869 quod
1236 790 1286 846 est

107 885 279 964 delatores,
313 883 555 946 denuntiatores
587 881 825 964 significentur,
857 879 1066 965 quamobrem
1096 883 1285 966 omnesqui

107 983 262 1048 deferunt
275 980 369 1044 nobis
392 981 522 1044 omnino
539 979 657 1043 nullius
678 979 834 1042 momenti
849 987 932 1059 sunt,
948 978 1098 1064 quiahoc
1113 981 1184 1044 loco
1201 982 1285 1065 prin·

109 1083 230 1166 cipium
250 1079 455 1143 necessitatis
478 1087 510 1141 et
531 1078 668 1142 formam
689 1079 926 1163 inquisitoriam
947 1079 1145 1163 inquirimus.

192 1178 259 1243 Sed
281 1177 488 1242 nihilominus
509 1177 615 1240 forma
640 1175 695 1240 illa
727 1174 903 1240 criminalis
925 1197 1107 1260 processus,
1128 1199 1192 1263 qua
1210 1179 1286 1242 civi-

107 1279 184 1342 tatis
206 1278 421 1362 magistratus
442 1283 516 1360 post
538 1274 813 1338 denuntiationem
835 1275 1004 1339 eriminum
1027 1276 1089 1341 sibi
1110 1278 1231 1342 laetam
1247 1277 1287 1342 de

107 1397 165 1440 reo
187 1377 350 1462 inquirere
370 1375 538 1458 incipiunt,
560 1395 655 1458 quam
678 1375 816 1438 formam
840 1373 895 1438 illa
918 1374 1048 1460 quidem
1071 1383 1179 1441 aetate
1201 1378 1287 1462 prin-

109 1476 194 1561 cipio
224 1475 432 1538 necessisatis
473 1471 721 1537 adscribendam
755 1494 826 1536 esse
857 1479 992 1553 constat,
1023 1475 1179 1540 Romanis
1209 1477 1287 1541 satis

108 1582 186 1638 nota
209 1580 278 1637 arat
301 1574 419 1658 etjam
442 1593 540 1658 supra
563 1573 632 1657 ejus
663 1573 859 1636 mentionem
888 1571 1024 1638 fecimus
1040 1575 1076 1658 ³).
1118 1574 1195 1638 Alia
1216 1595 1287 1637 ves-

109 1673 191 1758 tigia
212 1672 418 1735 inveniuntur
448 1669 534 1756 apud
562 1669 815 1734 Ammianum
845 1669 1130 1742 Marcellinum
1153 1672 1187 1756 (l.
1208 1671 1289 1738 XVI

108 1792 135 1834 o.
151 1768 181 1852 8,
194 1769 249 1853 5.)‚
265 1789 458 1854 quamquam
468 1769 661 1830 sententiam
672 1789 782 1831 eorum
799 1767 980 1854 quidioant,
995 1769 1137 1835 hocloco
1152 1791 1217 1836 non
1234 1770 1288 1836 de-

110 1868 253 1933 nuntiari
284 1866 341 1930 sed
372 1866 530 1947 accusari,
560 1867 689 1930 omnino
720 1866 838 1930 falsam
860 1888 932 1932 esse
954 1889 1049 1932 nemo
1073 1867 1289 1954 comprobare

109 1974 224 2053 potest.
268 1963 333 2028 Sed
359 1965 458 2027 multo
488 1966 593 2049 magis
623 1963 734 2028 valent
759 1971 875 2046 famosa·
903 1971 996 2030 libelli
1012 1971 1049 2051 l·)‚
1080 1969 1136 2054 qui
1156 1969 1288 2032 fuerunt

110 2069 181 2130 sine
205 2071 371 2128 auctorum
394 2060 684 2146 subscriptionibus
715 2061 814 2125 libelli
835 2065 1002 2148 propositi,
1024 2067 1155 2130 nomina
1178 2087 1288 2132 eorum

110 2165 166 2250 qui
188 2162 312 2228 scelera
334 2161 553 2224 commiserint
581 2162 790 2224 continentes.
834 2159 961 2240 Quibus
982 2166 1124 2249 receptis
1147 2188 1167 2229 a
1188 2167 1289 2248 magi-

111 2260 266 2327 stratibus
286 2257 400 2324 crebre
422 2281 488 2339 eos,
520 2260 574 2345 qui
602 2258 651 2323 his
673 2258 789 2323 libellis
818 2262 1067 2344 continerentur,
1089 2286 1162 2327 reos
1184 2265 1289 2328 factos

114 2383 187 2426 esse
210 2359 338 2444 plurimi
362 2364 585 2421 contestantur
606 2358 742 2422 fontium
759 2359 833 2422 loci.
876 2360 951 2424 dam
973 2359 1138 2426 Plinius
1160 2364 1225 2447 (ep.
1247 2360 1289 2442 X,

110 2460 178 2546 96),
201 2479 273 2522 cum
296 2458 329 2521 in
352 2455 608 2521 Christianorum
632 2477 786 2542 „pravam
809 2465 907 2542 atque
929 2459 1154 2524 immodicam“
1177 2481 1289 2544 prooe-

112 2558 205 2622 deret
221 2553 703 2640 -„superstitionem“‚'libellum
723 2557 821 2620 talem
844 2557 913 2620 sine
936 2565 1066 2622 auctore
1089 2560 1288 2644 propositum

113 2654 287 2720 multorum
318 2655 450 2716 nomina
475 2654 506 2716 in
535 2675 570 2716 se
600 2653 758 2717 ferentem
787 2664 952 2718 memorat.
995 2655 1038 2720 Et
1066 2657 1137 2741 ipse
1160 2656 1288 2744 quidem

110 2753 152 2818 da
173 2753 222 2818 his
244 2752 357 2836 incipit
379 2773 534 2836 quaerere
556 2754 619 2836 (ep.
641 2751 683 2833 X,
704 2751 769 2837 96),
792 2774 870 2816 sane
893 2774 1059 2839 opponens
1081 2756 1121 2818 iis
1143 2754 1224 2818 alios
1248 2751 1289 2818 ab

110 2849 218 2916 indice
234 2857 261 2936 5)
294 2849 477 2914 nominatos
508 2858 604 2934 atque
631 2860 810 2916 accusatos.
874 2852 980 2932 Quam
1016 2853 1186 2938 epistolam
1215 2874 1288 2918 cum

110 2949 264 3036 Trajan
275 2971 318 3013 us
339 2948 473 3032 legisset
494 2947 632 3012 Plinio
654 2949 835 3035 rospondit:
859 2948 956 3033 „Sine
971 2959 1102 3016 auctore
1125 2972 1202 3016 vero
1218 2973 1289 3035 pro-

110 3110 411 3124 *n—--ae-n

176 3199 205 3261 1)
222 3199 305 3249 Recte
322 3200 533 3250 Brissonius
551 3201 583 3250 de
603 3201 632 3250 V.
647 3201 674 3252 S.
692 3200 835 3250 subverbo
849 3200 964 3263 deferr03
984 3201 1030 3251 cir.
1043 3201 1198 3251 Rudorll
1212 3202 1287 3252 Rem.

114 3281 303 3348 Rechtsgesch.
321 3283 357 3344 ll,
375 3283 434 3332 460.

178 3361 204 3424 2)
222 3365 304 3414 Nemo
323 3364 429 3428 alleget.
449 3364 558 3429 Ulpiani
577 3363 728 3428 „Indicasse
746 3371 787 3416 est
801 3365 937 3430 detulisse,
957 3367 1087 3432 arguisse,
1104 3383 1245 3420 accusasse
1264 3373 1291 3418 st

114 3443 278 3496 convicisse“
297 3445 326 3508 (l.
345 3448 390 3496 197
407 3447 441 3497 Ι).
461 3448 494 3497 de
511 3449 543 3499 V.
562 3446 609 3509 S).

181 3530 207 3592 8)
226 3545 251 3594 p.
277 3532 307 3580 12
331 3531 390 3580 sub.
417 3532 432 3578 ἓ
455 3535 482 3580 et
505 3533 529 3581 3.
566 3531 735 3582 Traditorum
761 3537 788 3582 et
805 3533 1028 3598 deprehensorum
1046 3537 1115 3586 inira
1132 3538 1231 3586 mentio
1249 3536 1288 3587 la·

113 3611 210 3662 cienda
227 3615 275 3662 est.

184 3694 210 3758 4)
228 3695 289 3756 Qui,
314 3696 337 3746 sl
363 3695 510 3746 calumnias
532 3697 617 3746 solum
642 3697 781 3746 continent
802 3697 975 3765 hominesque
1001 3701 1146 3763 diffamant,
1169 3701 1221 3750 huc
1237 3716 1291 3752 non

114 3777 260 3844 pertinent.
293 3775 457 3840 Hujusmodi
481 3778 640 3829 famosorum
669 3778 820 3830 libellorum
852 3786 973 3832 auctores
1000 3785 1117 3834 crinrinis
1142 3783 1291 3847 majestatie

116 3874 177 3910 reos
195 3875 262 3920 esse,
280 3860 375 3908 statuit
390 3860 535 3924 Augustus.
570 3860 654 3923 (Tac.
673 3862 770 3912 Annal.
788 3863 809 3925 l,
828 3863 891 3926 72.)

181 3942 208 4005 ὁ)
226 3941 331 3992 Indices
349 3947 515 3992 accusatores
539 3944 653 4006 fuerunt,
679 3944 876 4010 quidmiraris,
902 3945 978 4010 cujus
997 3949 1049 4012 ipsi
1066 3955 1142 3999 erant
1160 3951 1234 4012 socii,
1254 3949 1291 4000 la-

118 4023 208 4074 tebras
228 4024 382 4074 indicabant
407 4025 562 4090 impunitate
588 4028 722 4091 proposita
751 4053 778 4059 —
805 4029 1084 4082 Pseudo-Asson.
1103 4034 1131 4082 in
1156 4032 1291 4083 Ciceronis

117 4105 210 4156 Divin.
229 4121 251 4156 c.
272 4108 314 4168 113
335 4107 411 4156 Tac.
430 4108 476 4169 lv,
495 4107 541 4168 283
560 4107 578 4158 l.
595 4109 611 4156 9
629 4108 653 4167 ὅ.
673 4111 685 4156 1
705 4109 735 4161 Ο.
754 4111 806 4161 rh.
827 4113 865 4173 16,
884 4114 900 4161 ὁ
918 4111 951 4162 de
969 4112 1119 4167 haereticis.
1137 4115 1181 4165 cfr.
1199 4115 1291 4166 osia.

119 4186 216 4238 Gesoh.
236 4194 286 4238 eta.
304 4204 330 4252 p.
354 4190 409 4239 104.
429 4190 484 4238 too.
503 4191 560 4240 538.
595 4189 675 4241 Falsa
692 4193 809 4243 editores
827 4195 854 4242 in
871 4194 1011 4245 dorsualis
1029 4202 1078 4247 sat.
1097 4198 1121 4246 X
1138 4214 1163 4249 v.
1183 4199 1214 4247 to
1231 4213 1291 4248 eon·

119 4275 161 4320 tra
182 4271 342 4335 optimorum
360 4271 479 4320 codicum
512 4270 588 4320 fidem
617 4273 756 4335 „indiciis“
788 4291 835 4340 pro
864 4275 1028 4339 „indicibue“
1058 4278 1199 4344 legendum
1233 4296 1291 4330 esse

120 4357 239 4402 censeat.

979 4439 1097 4500 a*
