3082 4966
748 349 952 412 ..Q-.-

340 529 363 590 Ι,
407 533 453 591 Dc
475 535 521 590 his
547 550 623 608 qaas
647 536 825 609 „offloiuffl
854 536 992 594 Romani
1015 539 1172 612 appellare
1192 535 1338 594 solebant.
1384 531 1445 609 „In

260 647 450 710 quacunque
485 647 584 689 causa
615 649 671 690 reo
704 627 856 709 exhibito,
887 627 965 693 dicit
993 628 1226 693 Constantinus
1254 629 1287 692 in
1309 627 1326 690 l.
1353 630 1368 690 1
1392 650 1447 712 pr.

260 722 293 786 Ο.
314 724 334 785 9
355 727 376 786 4
398 723 438 788 de
463 723 609 788 custodia
640 746 779 806 reorum,
810 727 878 790 sive
909 734 1080 790 accusator
1108 728 1255 806 exsistat,
1284 733 1345 790 siva
1372 749 1447 788 cam

255 827 400 902 publicae
432 830 638 887 solicitudinis
670 848 749 888 cura
776 833 973 905 producarit,
1013 826 1121 889 statim
1160 823 1257 888 debet
1293 827 1445 910 quaestio

259 921 338 997 fieri,
361 929 396 983 ut
417 923 534 985 noxius
557 923 718 1006 puniatur,
739 924 896 989 innocens
919 921 1134 988 absolvatur“.
1178 923 1333 986 Similiter
1356 921 1445 984 Con-

261 1021 397 1082 stantius
429 1021 461 1083 in
493 1019 514 1086 l.
536 1021 557 1083 4
579 1019 615 1088 Ο.
636 1021 665 1101 9,
688 1021 727 1085 19
749 1019 789 1084 de
821 1023 970 1109 sepulcro
1003 1022 1140 1088 violato:
1164 1022 1252 1102 „sive
1275 1021 1345 1106 quis
1369 1042 1445 1105 pro-

261 1119 334 1202 pria
359 1118 508 1202 sepulcra
530 1118 708 1183 defendens
739 1119 821 1183 hanc
851 1122 883 1184 in
909 1120 1068 1207 judicium
1092 1119 1255 1205 querelam
1278 1117 1445 1197 detulerit,

262 1217 330 1279 sive
347 1217 528 1302 quicunque
545 1217 626 1280 alius
643 1219 855 1297 accusaverit,
870 1225 917 1284 oet
932 1225 1068 1299 officiam
1083 1224 1308 1284 nuntiaverit“.
1334 1217 1444 1280 Unum

261 1313 410 1400 idemque
432 1323 538 1379 autem
562 1339 633 1378 esse
658 1317 742 1400 quod
773 1315 850 1380 dicit
879 1317 1128 1398 Constantinum
1154 1318 1242 1394 „sive
1265 1338 1336 1379 eum
1361 1315 1444 1402 pub-

261 1413 341 1476 licae
366 1413 577 1477 solicitudinis
600 1437 678 1476 cura
700 1413 908 1498 6101616111ιι
936 1424 1031 1500 atque
1048 1415 1133 1500 quod
1156 1414 1235 1479 dicit
1249 1415 1332 1478 lilius
1350 1416 1445 1496 „sive
1521 1487 1522 1490 Ἴ

262 1512 402 1575 officium
419 1513 633 1576 111111116161111
658 1535 699 1576 ex
721 1515 952 1596 Augustini
974 1514 1118 1599 epistolis
1143 1513 1201 1578 159
1224 1511 1444 1596 6116061161-

261 1611 384 1673 tissime
408 1611 522 1692 elucet,
545 1609 716 1674 scribentis
741 1612 1036 1692 „Circumcellionis
1059 1612 1131 1675 illos
1155 1621 1186 1673 et
1209 1611 1344 1675 clericos
1367 1631 1444 1694 par-

262 1711 303 1772 tis
326 1710 455 1790 Donati,
479 1731 558 1794 quos
580 1709 620 1772 de
643 1710 848 1794 Hipponensi
879 1709 1018 1773 ecclesia
1050 1708 1269 1795 adjudicium
1290 1729 1349 1793 pro
1372 1709 1443 1771 fac-

262 1808 303 1870 tis
326 1828 437 1870 eorum
455 1813 601 1886 publicae
623 1813 804 1886 disciplinae
825 1831 902 1874 cura
932 1807 1142 1888 deduxerat“,
1165 1829 1247 1892 quae
1270 1805 1373 1870 verba
1395 1809 1445 1870 ita

263 1905 370 1991 paullo
398 1915 472 1990 post
499 1907 730 1989 interpretatur
761 1905 906 1988 „illorum
943 1915 1073 1971 notoria
1107 1907 1149 1968 ad
1186 1927 1265 1990 quos
1296 1903 1441 1966 tuendae

266 2003 416 2090 publicae
452 2007 543 2089 pacis
580 2005 750 2087 vigilantia
785 2007 977 2090 pertineat“,
1010 2005 1190 2088 iisdemque
1227 2005 1295 2067 fere
1331 2001 1445 2065 verbis
1521 2065 1522 2068 ,

265 2125 315 2188 op.
332 2102 393 2166 160
414 2109 519 2184 „Uaro
535 2127 642 2168 aarum
658 2113 710 2184 qui
726 2111 906 2189 disciplinae
917 2110 1060 2184 pirblicaa
1075 2110 1249 2166 inserviunt
1265 2103 1446 2186 permissa

265 2205 393 2265 notoria
426 2201 468 2264 ad
494 2200 619 2286 judicia
646 2202 799 2286 legesque
832 2203 1015 2287 perduxitr.
1058 2202 1119 2264 His
1141 2199 1219 2263 locis
1241 2201 1446 2262 convincitur
1521 2229 1522 2246 ÷

266 2298 441 2363 Geibius
458 2301 493 2383 ¹),
515 2298 623 2363 verbis
648 2299 816 2384 „publicae
839 2301 1053 2364 solicitudinis
1081 2304 1178 2362 6116α
1203 2299 1339 2362 salutem
1362 2295 1445 2381 pub·

265 2399 370 2478 licam,
389 2403 565 2478 „publicam
587 2405 803 2478 disciplinaru“
827 2400 900 2486 (cfr.
922 2398 1148 2482 Augustini
1170 2419 1220 2482 ep.
1244 2396 1310 2460 159.
1333 2395 1445 2480 Sym·

266 2495 401 2560 machi
423 2518 472 2580 ep.
496 2497 536 2576 II,
559 2495 612 2582 75)
645 2499 821 2582 significari
849 2505 977 2582 putans,
1010 2499 1118 2581 itaque
1150 2495 1244 2559 aliam
1267 2517 1445 2578 processus

266 2597 424 2658 rationem
447 2597 480 2658 in
503 2616 542 2658 aa
563 2617 597 2657 re
619 2595 796 2663 inveniens.
838 2597 922 2660 Nam
951 2595 1028 2659 illud
1060 2595 1200 2658 officium
1217 2593 1255 2680 ²),
1285 2592 1340 2655 illa
1362 2613 1444 2655 cura
1521 2591 1522 2652 Ῐ

268 2694 470 2776 componitur
493 2713 509 2754 e
530 2691 691 2756 nonnullis
713 2693 862 2778 publicae
891 2693 1080 2778 disciplinae
1110 2693 1284 2777 magistris,
1307 2712 1443 2776 quorum

270 2813 422 2854 numerus
443 2812 507 2853 non
529 2791 658 2853 omnino
679 2793 789 2854 firmus
812 2814 850 2855 ac
872 2792 996 2856 stabilis
1018 2793 1118 2855 fuisse
1137 2791 1275 2857 videtur.
1521 2863 1522 2876 χ

348 2891 529 2974 Augustum
561 2897 774 2970 stationarios,
805 2894 859 2975 qui
889 2894 986 2955 otiam
1020 2899 1216 2970 apparitores
1238 2889 1446 2975 appellantur

268 2989 300 3051 in
324 2987 342 3052 l.
364 2988 402 3050 31
428 2987 463 3052 C.
486 2987 544 3053 Th.
568 2987 615 3067 16,
637 2987 656 3050 2
679 2987 718 3051 de
742 2991 902 3076 episcopis
926 2992 1000 3077 (cfr.
1021 2989 1040 3056 l.
1065 2993 1079 3051 1
1103 2989 1139 3056 C.
1161 2991 1190 3068 3,
1212 2991 1232 3052 2
1254 2989 1294 3050 de
1318 2999 1444 3073 sportu-
1521 3047 1522 3086 ,

267 3087 306 3150 lis
329 3095 361 3150 ct
382 3086 420 3154 F.
440 3087 477 3149 F.
500 3086 535 3150 O.
559 3087 607 3166 12,
628 3085 779 3176 532—5'l),
810 3083 899 3174 „per
920 3098 1100 3174 opportuna
1132 3087 1204 3152 loca
1234 3088 1445 3172 disposuisse,
1521 3087 1522 3172 i

269 3194 304 3249 ut
319 3184 486 3250 inhibeant
502 3191 735 3269 grassator·es“,
757 3188 857 3250 refert
872 3187 1112 3252 Suetonius
1128 3187 1312 3273 (Octavian.
1329 3207 1355 3251 c.
1370 3185 1444 3266 32);
1521 3249 1522 3284 ,

269 3283 419 3348 Tiberius
440 3283 554 3347 iisdem
576 3282 727 3347 utebatur
748 3283 780 3347 in
802 3295 1018 3370 grassaturas,
1045 3287 1225 3365 latrocinia,
1248 3285 1444 3348 seditionum

270 3381 432 3446 licentiam
467 3381 649 3468 (Sueton.
680 3380 787 3448 'siber
822 3406 848 3446 c„
881 3386 945 3470 37).
989 3383 1117 3448 Subditi
1152 3393 1245 3447 erant
1276 3384 1444 3468 praefecto
1521 3395 1522 3462 ,

270 3479 342 3546 urbi
365 3481 426 3562 ,ad
447 3481 598 3546 tuendam
621 3481 822 3566 popularium
840 3485 978 3568 quietem
996 3493 1027 3547 et
1049 3489 1091 3548 ad
1103 3489 1296 3566 referendam
1311 3491 1347 3562 ci,
1370 3489 1447 3563 quid

271 3585 325 3644 abi
348 3585 495 3661 apatar“.

481 3701 548 3764 arg.
570 3678 588 3742 l.
614 3683 629 3742 1
653 3683 682 3761 ξ.
706 3681 744 3743 12
765 3679 805 3744 Ι).
829 3679 869 3744 ds
891 3683 940 3745 off.
963 3682 1065 3765 praei.
1088 3701 1116 3747 u.
1139 3681 1166 3759 1,
1189 3682 1235 3743 12.

273 3903 542 3920 m

343 4025 355 4070 l
405 4055 411 4069 .
481 4061 486 4072 .
561 4063 563 4068 .

342 4019 368 4166 ii
385 4022 699 4168 1ajinfflgrencmanus,
728 4104 797 4155 Fata
824 4103 1043 4155 calumniatorum
1070 4104 1146 4164 (Otto
1178 4105 1319 4156 thesaurus
1343 4105 1394 4166 Ill,
1421 4121 1446 4170 p.

279 4185 354 4252 1642)
372 4187 457 4239 Gsib
474 4188 523 4238 aas
540 4203 597 4255 sqq.
