3082 4966
593 397 797 460 -13-

111 577 165 640 vel
186 583 364 656 „eahibere“
385 577 461 661 (1.2
486 577 521 639 O.
544 576 640 659 eod.),
662 580 715 640 cui
730 599 790 660 par
806 585 855 640 est
869 585 1021 657 „detineri
1041 601 1061 640 ιι
1081 591 1198 640 rectore
1209 601 1287 657 pro·

113 683 257 738 vinciac“
279 675 312 757 (I.
335 677 355 739 2
378 674 414 740 O.
436 673 530 757 θοὰ).
576 681 748 756 ,Prodere“
771 682 888 755 autem,
911 675 995 760 quod
1015 674 1150 739 verbum
1173 679 1205 740 in
1229 677 1245 740 l.
1269 676 1286 740 7

112 775 149 838 O.
170 774 229 840 Th.
251 775 279 854 i,
303 775 341 836 18
363 773 463 837 verbo
486 773 643 837 offerendi
665 773 849 857 opponitur,
872 781 921 835 est
936 779 1129 854 denuntiare,
1150 780 1289 838 indicare

112 876 196 956 (arg.
219 874 239 936 l.
260 873 280 936 6
302 878 330 954 ξ.
351 874 371 935 3
392 874 433 936 I).
453 872 503 953 48,
527 873 565 936 16
588 871 630 935 ad
660 870 719 935 SO.
747 871 863 954 Turp.:
895 873 1120 952 „nunciatores
1149 873 1202 956 qui
1230 894 1288 956 per

112 973 240 1034 notoria
262 971 381 1036 indicia
402 971 588 1056 produnt“).
609 977 682 1050 „Ad
698 975 859 1049 pubiicum
877 976 1047 1050 protrubi“
1069 978 1182 1034 contra
1204 972 1285 1057 (arg.

116 1068 136 1134 l.
161 1072 197 1135 11
222 1070 258 1133 U.
279 1069 338 1136 Tb.
359 1070 388 1150 9,
412 1070 457 1134 16.
481 1068 520 1133 de
549 1069 718 1150 maleficis)
747 1067 791 1131 nil
814 1069 901 1132 aliud
923 1091 1018 1154 quam
1042 1068 1161 1136 deferri
1183 1078 1215 1132 et
1236 1091 1288 1132 ac-

115 1187 231 1230 cusare
254 1190 325 1231 esse
347 1167 426 1232 mihi
456 1167 585 1254 quidem
613 1188 805 1250 persuasum
836 1177 895 1231 est.
923 1205 964 1216 —
999 1168 1225 1232 Difficiliorem
1253 1167 1286 1231 id

115 1265 201 1349 quod
223 1275 272 1328 est
293 1272 420 1349 „offerri
447 1272 581 1348 lembum
607 1269 641 1329 in
668 1266 685 1329 l.
716 1268 736 1328 2
766 1271 794 1347 ᾗ.
819 1269 834 1327 1
859 1265 894 1329 Ο.
920 1265 948 1345 9,
969 1266 1010 1328 39
1032 1267 1059 1328 si
1081 1267 1151 1358 quis
1172 1265 1287 1331 latron.

113 1363 363 1448 explicationem
396 1365 510 1448 habet3
545 1365 586 1428 ab
619 1366 709 1428 initio
737 1364 865 1449 quidem
900 1366 972 1450 ejus
1002 1364 1150 1428 dictionis
1172 1387 1286 1428 sensus
1386 1387 1389 1392 ·

114 1485 177 1547 par
198 1485 270 1527 esse
293 1466 494 1528 accusationi
514 1463 653 1543 videtur,
674 1463 733 1527 sed
756 1486 833 1526 mox
854 1465 961 1547 Iegem
982 1463 1074 1529 illam
1099 1465 1205 1528 acrius
1237 1486 1286 1526 re-

114 1562 290 1645 spicientes
313 1570 520 1646 cognoscent,
548 1563 764 1626 accusationis
787 1583 825 1624 eo
847 1561 918 1624 loco
949 1584 1077 1646 semper
1111 1563 1204 1646 quasi
1232 1584 1287 1646 pa-

114 1658 261 1722 renthesi
281 1662 476 1726 interclusae
497 1661 692 1724 mentionem
714 1661 794 1741 fieri,
815 1667 848 1723 et
870 1661 1004 1741 ,offerre
1026 1658 1171 1743 legibus“
1195 1682 1289 1724 accu-

114 1760 234 1820 sationi
256 1761 384 1844 opponi.

197 1857 311 1942 Itaque
334 1866 494 1942 coguntur
515 1858 662 1922 homines

238 1955 271 2042 1)
292 1968 327 2019 ut
348 1970 491 2021 accusent
512 1958 545 2020 in
567 1954 696 2020 casibus
728 1952 787 2018 sub
815 1957 840 2033 I,
862 1955 902 2033 II,
925 1953 980 2035 VI,
1003 1955 1074 2034 VII,
1095 1953 1153 2035 IX,
1174 1952 1207 2018 X
1262 1947 1264 1952 ’

236 2055 272 2140 2)
294 2067 330 2118 ut
348 2063 489 2135 prodant
510 2069 603 2136 atque
625 2061 809 2118 &nuntient
832 2050 891 2116 sub
917 2051 953 2132 V,

237 2151 273 2239 3)
294 2166 330 2216 at
353 2161 482 2217 tradant
508 2167 600 2234 atque
632 2158 830 2232 deprehensos
859 2157 993 2232 offerant
1014 2148 1073 2214 sub
1097 2152 1153 2230 III,
1175 2151 1230 2231 IV,
1251 2158 1287 2230 V,

320 2250 407 2332 VIII,
430 2251 488 2317 IX.

196 2347 364 2412 Rationem
397 2351 471 2414 talis
500 2348 729 2434 compulsionis
765 2348 851 2432 quis
869 2355 919 2410 est
948 2349 1003 2432 qui
1031 2368 1095 2410 non
1118 2345 1288 2431 intelligat,

115 2447 170 2530 qui
190 2467 253 2510 non
279 2447 495 2534 comprobet?
531 2449 726 2512 Praesertim
749 2447 884 2510 crimina
899 2445 1066 2528 latrocinii,
1089 2445 1289 2526 desertionis,

115 2544 218 2608 falsae
239 2556 397 2628 monetae,
417 2547 590 2612 haereseos
611 2546 715 2609 latius·
733 2544 850 2609 diffusa
881 2553 982 2625 erant,
1004 2565 1100 2630 quam
1123 2551 1157 2608 ut
1177 2543 1288 2606 volun·

116 2646 201 2708 taria
223 2650 386 2710 accusatio
408 2647 587 2728 sufficeret,
616 2653 712 2730 atque
740 2643 896 2708 occultius
925 2641 1170 2723 exercebantur,
1193 2663 1289 2726 quam

117 2751 152 2806 ut
173 2744 298 2824 civitas,
324 2747 349 2809 it
378 2755 427 2810 est
453 2747 673 2831 magistratus,
701 2743 770 2806 sine
794 2741 914 2806 auxilio
935 2743 1133 2826 privatorum
1160 2760 1289 2824 semper

117 2840 157 2904 de
178 2843 217 2906 iis
239 2845 393 2908 certiores
414 2846 537 2912 fierent.
577 2842 622 2906 Et
642 2844 671 2906 si
691 2841 807 2904 civitas
829 2840 935 2920 ,omni
951 2838 1172 2923 superstitioni
1193 2838 1289 2900 tinem

115 2940 302 3023 imponerer
325 2941 387 3006 sibi
408 2949 632 3027 proposuerat,
653 2947 687 3003 ut
708 2939 939 3012 Constantinus
963 2935 1091 3022 qnidam
1115 2939 1148 3000 in
1168 2936 1188 3000 l.
1209 2936 1229 2998 3
1252 2935 1288 2999 O.

117 3036 176 3100 Tb.
199 3037 248 3118 16,
271 3038 311 3102 10
332 3039 373 3103 de
381 3042 524 3126 paganis
540 3041 595 3120 ait,
615 3038 749 3102 muitum
765 3039 836 3124 ejus
851 3038 1009 3118 interesse
1026 3033 1176 3115 debebat,
1198 3057 1288 3103 num·

118 3156 213 3218 quam
236 3137 399 3222 sacrilegii
421 3141 543 3202 crimen
565 3139 793 3222 magistratum
814 3137 976 3199 notionem
1000 3135 1122 3217 fugere.

560 3437 784 3448 -.ι-...ψ
793 3437 846 3446 ..ι-ω

492 3656 639 3723 OAPU'P
661 3650 914 3722 SECUNDUM.

118 3790 356 3898 QUATIINUS
394 3787 714 3886 MAGISTRATUS
762 3787 852 3878 PER
893 3779 1289 3875 DENUNTIITIONES

118 3931 347 4024 cumton
378 3927 625 4024 ouationes
643 3923 778 4018 riou
807 3924 870 4014 III
899 3918 1147 4013 PERSECUII
1176 3918 1288 4012 SINT.

199 4117 282 4182 Late
303 4117 496 4202 pervulgata
518 4123 568 4178 est
599 4114 717 4198 opinio,
750 4105 934 4195 hujusmodi
965 4103 1225 4168 denuntiationes
1248 4101 1290 4166 ad

118 4216 308 4280 excitandas
331 4217 500 4280 criminum
528 4235 587 4298 per
617 4212 827 4296 magistratus
858 4205 1100 4291 persecutiones
1133 4200 1289 4266 creberri-

99 4322 188 4376 (mas
210 4317 310 4380 fuisse
331 4317 561 4400 imperatorum
578 4317 694 4390 aetate,
714 4307 791 4392 quin
813 4307 910 4370 etiam
933 4300 974 4366 ab
996 4302 1066 4388 ejus
1081 4300 1172 4364 initio
1194 4296 1288 4364 valde
