3082 4966
746 312 954 376 ...33.„

266 491 380 577 [resur]
405 490 553 556 damnari
574 493 671 556 etiam
692 494 793 556 invito
816 501 1006 556 accusatore
1028 515 1162 558 neeesse
1185 503 1274 558 erat“
1293 500 1330 578 ¹).
1351 496 1447 560 Judi·

266 613 320 654 ces
339 588 433 675 jubet
447 590 636 653 Alexander
652 590 686 675 (l.
707 589 727 652 3
749 593 784 656 O.
800 591 828 670 9,
852 595 865 653 l
886 591 925 654 de
941 591 991 655 bis
1013 595 1067 677 qui
1088 615 1244 657 accusare
1260 617 1326 657 non
1341 601 1447 678 poss.)

267 690 315 772 „si
336 697 543 754 accusatores
574 697 648 774 post
677 689 921 754 satisdationem
951 700 1141 774 praesentes
1170 715 1233 756 non
1257 693 1390 774 fuerint,
1414 703 1448 755 ut

265 789 375 851 veniat
397 787 439 850 ad
461 810 592 850 causam
618 786 789 871 agendam,
812 786 917 852 edicto
940 788 1145 858 admonerer.

347 887 454 970 Magis
477 895 594 966 autem,
617 908 711 970 quam
735 908 776 948 ex
797 887 1017 970 inscriptione,
1035 889 1089 972 jus
1112 891 1253 954 civitatis
1276 891 1384 954 elucet
1406 913 1448 952 ex
1510 931 1511 942 κ

266 991 444 1064 abolitione,
461 985 553 1070 cujus
570 993 717 1047 naturam
731 982 895 1069 perlucide
910 985 1097 1050 Marcianus
1108 989 1261 1072 explanat
1276 989 1391 1053 dicens
1403 992 1446 1071 ²):
1510 1005 1511 1072 j

268 1086 461 1167 ,Accusatio
483 1083 573 1146 illata
595 1083 823 1167 cognoscentis
840 1084 1031 1146 arroteritate
1053 1109 1116 1149 non
1133 1089 1447 1152 accusantis‘volun-

266 1192 332 1247 tate
355 1181 478 1246 aboleri
500 1181 625 1248 debet“.
667 1183 719 1246 De
731 1183 806 1266 jure
830 1203 887 1244 suo
912 1182 998 1246 cedit
1013 1185 1137 1265 civitas,
1160 1185 1367 1250 abolitionem
1393 1209 1446 1270 pe-

266 1282 356 1346 tendi
376 1280 548 1366 praebens,
571 1280 780 1365 quamobrem
799 1280 903 1366 judex
925 1302 1057 1344 causam
1080 1282 1271 1365 abolitionis,
1295 1309 1336 1348 an
1355 1287 1448 1370 justa

268 1391 363 1462 esset,
384 1381 590 1444 considerare
613 1379 762 1460 debebat,
793 1402 833 1442 ne
863 1379 1098 1444 calumniantes
1129 1405 1187 1446 seu
1216 1387 1447 1468 praevarican-

267 1490 316 1548 tes
339 1481 495 1544 desistere
517 1487 693 1563 pateretur.

414 1580 435 1646 l.
457 1580 495 1642 lo
518 1601 564 1661 pr.
588 1578 626 1644 D.
648 1578 699 1657 49,
726 1579 765 1640 14
794 1576 833 1638 de
859 1578 933 1661 jure
963 1578 1048 1660 fisci3
1070 1579 1088 1643 l.
1113 1583 1124 1642 1
1152 1575 1189 1644 O!
1211 1580 1267 1644 Th.
1292 1583 1321 1662 9,
1342 1583 1382 1645 37
1408 1583 1447 1645 de

414 1677 514 1758 abel,
536 1677 555 1739 l.
577 1676 597 1738 3
620 1677 654 1740 O.
678 1675 707 1755 9,
728 1677 769 1738 42
792 1674 831 1737 de
855 1675 939 1739 abel.

266 1777 485 1844 Renunciatur
507 1775 724 1839 accusationi:
748 1795 821 1835 nam
845 1776 1024 1838 rectissime
1059 1777 1138 1840 dicit
1159 1780 1392 1842 Herrmann
1405 1802 1447 1841 us

267 1883 317 1946 vir
338 1877 469 1942 illustris
503 1875 569 1958 (De
599 1871 683 1936 abol.
712 1894 741 1956 p.
775 1875 846 1958 14):
891 1873 1053 1953 „Abolitio
1084 1879 1167 1940 enim
1191 1901 1364 1963 numquam
1388 1881 1447 1942 cri·

266 2002 341 2044 men
363 1979 466 2061 ipsum
490 1973 548 2037 sed
570 1972 681 2051 solam,
712 1993 795 2056 quae
828 1981 914 2036 mota
947 1983 1005 2054 est,
1027 1978 1265 2040 accusationem
1289 1979 1335 2041 ita
1356 1979 1448 2057 tollit,

207 2155 210 2162 1
267 2089 301 2143 ut
323 2099 397 2142 reus
420 2081 552 2158 propter
575 2071 696 2134 crimen
720 2072 825 2156 ipsum
848 2071 933 2156 quod
950 2074 1109 2157 integrum
1134 2073 1357 2162 illibatumque
1378 2099 1444 2139 ma-

266 2185 322 2242 net
343 2175 446 2260 repeti
468 2176 591 2256 queat“.

300 2309 303 2317 ·
349 2271 417 2338 Sed
441 2272 616 2334 etiamreo
639 2268 736 2330 certis
759 2290 799 2330 ex
832 2270 938 2334 causis
968 2271 1022 2354 jus
1049 2269 1200 2334 tribuitur
1224 2277 1261 2334 ut
1282 2275 1447 2336 accusatio
1510 2309 1511 2336 ÷

271 2372 429 2438 ead-finem
452 2367 647 2453 producatur
674 2365 867 2450 postulandi,
896 2389 960 2451 qua
988 2368 1028 2431 de
1057 2387 1092 2432 re
1118 2369 1188 2454 jam
1211 2372 1395 2434 Antoninus
1419 2381 1449 2434 et
1510 2353 1511 2386 r

269 2474 373 2537 Verus
396 2470 535 2552 Augusti
556 2469 808 2550 rescripserunt:
833 2485 925 2546 ,cum
948 2467 1026 2530 satis
1049 2467 1102 2530 diu
1127 2467 1216 2532 litem
1238 2471 1379 2533 traxisse
1403 2471 1447 2532 di·

269 2578 369 2649 estur,
391 2569 492 2634 inrito
510 2564 697 2630 adversario
713 2585 776 2626 non
799 2579 896 2648 posse
919 2587 990 2626 eum
1014 2565 1087 2648 (scil
1111 2571 1350 2652 accusatorem)
1373 2567 1447 2631 abo-

268 2669 411 2735 litionem
436 2661 663 2748 acciperel‘··(li
689 2661 727 2726 18
757 2684 803 2746 pr.
831 2664 872 2725 l).
892 2662 943 2742 48,
974 2663 1012 2725 16
1035 2663 1076 2725 ad
1095 2663 1161 2726 ⁴80.
1184 2665 1332 2749 'l'urpil.),
1355 2686 1448 2729 aecu-

274 2768 376 2831 ratius
398 2773 504 2828 autem
529 2771 560 2826 et
587 2761 780 2824 lucideutius
802 2763 1036 2824 constituerunt
1057 2762 1304 2828 Valentinianus
1329 2765 1447 2828 Valens

270 2865 446 2931 Gratiarms
469 2866 511 2946 (a.
530 2860 610 2924 369:
632 2861 651 2927 l.
673 2862 693 2922 3
715 2860 749 2923 Ο.
772 2859 801 2937 9,
821 2861 862 2922 42
878 2859 917 2922 de
940 2858 1047 2946 aboi),
1067 2883 1164 2945 quam
1187 2863 1446 2926 constitutionem
1510 2873 1511 2910 l

273 2963 396 3030 referre
426 2961 540 3026 liceat:
570 2964 598 3038 ξ.
627 2963 653 3024 l.
698 2958 754 3040 ,Si
775 3005 783 3020 .
805 3005 812 3020 .
835 3007 841 3022 .
864 3003 871 3020 .
893 2979 969 3020 reus
992 3005 998 3020 .
1021 3009 1027 3021 .
1050 3005 1057 3021 .
1080 3009 1086 3021 .
1109 2961 1162 3023 vel
1194 2983 1359 3026 carcerem
1382 2985 1448 3025 sus·
1510 2951 1511 2956 ἵ

270 3063 400 3126 tinuerit
420 3059 473 3124 vel
496 3057 635 3121 verbera
655 3057 709 3121 vel
730 3065 872 3136 catenas,
895 3055 1027 3121 abolitio
1049 3082 1115 3122 non
1129 3068 1265 3143 petetur,
1286 3063 1350 3124 nisi
1363 3062 1447 3124 forte
1510 3059 1511 3108 l

271 3161 335 3240 ille,
356 3160 411 3244 qui
431 3158 512 3222 baec
533 3179 650 3242 passus
674 3165 732 3235 est,
753 3179 845 3219 suurn
867 3177 1061 3220 eonsensum
1091 3157 1133 3221 ad
1155 3158 1328 3222 detendam
1350 3157 1447 3223 aboli-
1510 3167 1511 3232 l

270 3263 392 3325 tionem
413 3257 716 3322 accommodaverit
759 3255 898 3336 Quando
930 3263 1037 3318 autem
1067 3279 1142 3342 reus
1173 3257 1217 3320 nil
1246 3257 1311 3320 tale
1333 3280 1447 3342 passus
1510 3269 1511 3290 *

272 3365 520 3443 est,postqua1n
545 3357 643 3422 fuerit
665 3355 764 3420 officii
785 3353 951 3418 custodiae
978 3353 1126 3434 traditus,
1149 3355 1235 3418 intra
1256 3355 1328 3420 dies
1349 3356 1447 3419 XXX
1510 3355 1511 3416 l

273 3457 454 3521 accusatori
475 3457 599 3540 petenti
622 3455 719 3518 etiam
742 3454 842 3516 invito
869 3475 926 3516 reo
950 3454 1020 3517 dari
1042 3455 1245 3537 permittitur.
1287 3455 1367 3518 Post
1387 3455 1447 3517 hoc
1510 3507 1511 3536 ,

273 3553 359 3620 vero⁴
372 3565 499 3639 tempus
519 3555 582 3618 nisi
603 3575 677 3618 reus
700 3553 890 3632 consentiat,
921 3574 1090 3616 censemus
1119 3575 1184 3615 non
1214 3575 1286 3616 esse
1308 3551 1447 3617 tribuen-

274 3656 379 3722 dam“.
422 3653 529 3718 Etiam
551 3660 722 3737 postquam
753 3649 890 3714 testibus
916 3659 1078 3714 tormenta
1098 3651 1189 3714 illata
1211 3659 1293 3731 sunt,
1316 3650 1446 3715 abolitio
1510 3641 1511 3678 l

274 3773 340 3816 non
370 3749 507 3816 dabatur
540 3749 573 3832 (l.
603 3751 623 3811 3
651 3754 680 3830 ἓ.
709 3751 729 3811 3
756 3749 848 3833 eod).
894 3749 970 3833 „Sin
1002 3758 1107 3814 autem
1131 3749 1267 3814 testibus
1288 3759 1448 3815 tormenta
1510 3753 1511 3758 ’

279 3909 523 3924 mua

344 4005 367 4069 ll
385 4007 458 4056 Alios
475 4021 552 4056 casus
569 4010 696 4056 memorat
713 4005 850 4054 Plinius
868 4005 943 4066 eod.;
962 4005 1189 4069 Symmachus,
1213 4023 1238 4070 p.
1257 4007 1293 4068 Il,
1313 4009 1353 4056 75.
1372 4009 1445 4067 Quae

276 4093 416 4141 Tacitus
434 4090 529 4138 Amral.
548 4090 593 4152 lv,
612 4089 643 4138 29
670 4089 775 4150 referat,
794 4094 865 4138 recte
881 4091 1051 4138 Hartman
1061 4102 1121 4138 nus
1140 4091 1156 4141 l.
1174 4107 1196 4139 c.
1216 4107 1239 4156 p.
1260 4093 1292 4140 31
1311 4093 1443 4156 exceptio-

276 4192 337 4224 nem
353 4175 500 4224 habendam
520 4191 579 4224 esse
597 4172 741 4223 contendit.

342 4257 368 4320 2)
385 4258 404 4308 l.
426 4261 437 4307 l
457 4260 480 4319 ἓ.
501 4261 529 4308 10
549 4260 582 4309 D.
600 4259 641 4320 48,
662 4259 691 4306 16
709 4257 742 4307 ad
763 4257 812 4310 SC.
832 4257 978 4323 Turpiliae.
