3082 4966
580 413 784 475 ,33-

176 597 229 680 19)
252 600 378 658 Judiccs
393 601 593 676 depenorutos
613 606 670 657 aut
691 599 891 674 neqliyentes:
913 591 932 658 l.
954 591 975 652 9
1002 588 1038 654 C.
1061 587 1119 654 Th.
1143 590 1170 668 1,
1191 588 1210 648 ir
1233 587 1274 650 de

92 697 145 758 off.
167 702 244 761 rect
266 716 356 778 prov.
379 692 469 775 (389)

174 794 230 877 20)
257 800 406 875 officiales
430 799 659 872 proconsulum
685 813 765 876 quos
792 812 866 853 reos
894 789 1077 852 invenerint
1104 789 1183 871 ipsi:
1214 787 1233 854 l.
1255 787 1275 850 6

90 899 121 974 ξ.
147 897 162 956 1
186 895 225 957 D.
247 893 298 975 48,
322 893 361 956 19
383 892 424 956 de
446 894 570 976 poenis.

175 997 231 1076 21)
254 991 379 1056 Eadem
401 993 526 1055 ratione
549 992 735 1076 praefectus
767 987 839 1052 urbi
856 986 991 1073 jubetur
1014 988 1149 1072 exsequi
1169 993 1276 1068 publi-

90 1100 228 1155 licorurn
251 1114 418 1154 annnorum
447 1097 722 1153 administratione
750 1095 898 1168 indiqnos
925 1111 954 1150 se
981 1087 1174 1168 perentcs51.
1197 1087 1217 1150 6
1240 1089 1274 1150 C.

92 1190 154 1257 Th.
179 1193 206 1268 l,
227 1190 247 1252 6
271 1188 310 1251 de
334 1192 385 1256 off.
408 1189 515 1254 Praei.
538 1187 621 1252 Urbi
644 1188 746 1272 (365).

177 1290 232 1373 22)
255 1288 394 1352 Omnino
418 1286 629 1372 singularium
647 1309 779 1350 casuum
803 1286 998 1350 mentionem
1020 1287 1144 1349 faciunt
1166 1285 1184 1349 l.
1211 1285 1278 1350 9et

94 1387 136 1450 10
158 1387 198 1456 Ι).
219 1389 269 1469 47,
294 1392 329 1452 ll
355 1386 394 1450 de
418 1387 582 1453 extraonl.
605 1387 747 1467 crimin.;
770 1386 788 1452 l.
813 1386 853 1448 10
876 1386 915 1452 D.
935 1386 986 1466 47,
1006 1385 1026 1446 9
1050 1385 1089 1448 de
1112 1384 1276 1467 incendi03

92 1488 114 1554 I.
138 1491 173 1549 ll
198 1487 233 1551 O.
257 1490 284 1567 1,
305 1487 348 1550 40
370 1487 409 1550 de
433 1489 484 1552 off.
508 1493 585 1548 rect.
608 1507 698 1570 prov.
730 1484 837 1569 (408);
868 1484 887 1552 l.
920 1483 960 1548 10
982 1484 1017 1550 O.
1039 1483 1067 1564 9,
1091 1485 1128 1547 12
1150 1482 1192 1546 ad
1214 1483 1277 1568 leg.

93 1586 158 1649 Jul.
181 1585 221 1650 de
244 1587 277 1649 vi
298 1584 386 1670 publ.

175 1687 232 1769 23)
254 1689 408 1765 „Omnem
429 1690 639 1763 ‘injustarum‘
662 1683 826 1766 expellere
845 1681 1003 1768 jubentur
1018 1681 1187 1766 praesides
1204 1703 1277 1766 pro-

92 1785 273 1846 vinciarum
297 1786 329 1847 in
352 1784 528 1848 Iustiniani
550 1782 695 1860 novellis,
718 1803 781 1866 qua
804 1780 844 1843 de
867 1801 966 1844 causa
988 1781 1200 1864 complurium
1217 1781 1277 1843 cri-

93 1883 216 1945 minum
239 1903 304 1944 non
323 1885 393 1967 jam
415 1891 667 1944 memoratorum
700 1882 832 1948 uomina
859 1903 923 1946 uon
947 1903 1109 1961 enumero,
1131 1882 1205 1966 quia
1228 1901 1277 1942 so·

94 1981 144 2043 lus
166 1981 369 2044 lastinianus
392 2003 430 2042 ea
454 1983 588 2064 exsequi
607 1978 710 2066 jubet.
744 1979 826 2046 Nov.
848 1981 929 2043 Just.
952 1978 1031 2043 VIII
1053 2001 1079 2041 c.
1102 1980 1158 2058 133
1180 1976 1278 2040 XVII

95 2101 122 2141 c.
147 2079 187 2161 ὃς
210 2079 324 2144 XXIV
348 2101 375 2146 c.
396 2081 437 2159 2;
458 2078 556 2142 XXV
580 2101 606 2144 c.
627 2082 646 2142 2
669 2085 697 2159 ξ.
719 2080 759 2160 23
781 2079 929 2142 XXVIII
953 2101 978 2144 c.
1000 2079 1036 2159 63
1060 2075 1177 2141 XXIX
1199 2076 1276 2158 c.5;

94 2177 198 2241 XXX
220 2200 247 2244 c.
272 2181 326 2259 113
348 2177 526 2242 CXXXIV
557 2199 584 2244 c.
605 2181 643 2242 4.
679 2178 792 2263 Neque
823 2179 1085 2262 persecutionem
1114 2178 1202 2242 illam
1232 2177 1278 2240 in-

96 2275 272 2340 ferioribus
294 2275 489 2340 officialibus
516 2275 666 2339 mandari
695 2277 796 2340 voluit
816 2279 1001 2362 imperator,
1034 2277 1090 2341 sod
1121 2279 1184 2361 ipsi
1206 2299 1277 2340 eam

95 2378 207 2440 facere
225 2372 382 2459 jubentur
413 2397 481 2458 arg.
508 2375 589 2442 Nov.
618 2374 793 2440 (txxvlu
826 2398 854 2439 c.
884 2379 934 2443 21.
978 2377 1044 2439 Alii
1069 2383 1168 2440 testes
1190 2377 1278 2440 inve-

95 2475 227 2537 niuutur
250 2472 336 2558 apud
358 2475 570 2536 Bienerum
594 2473 614 2536 l.
636 2495 663 2540 c.
685 2496 715 2558 p.
739 2477 779 2536 12
800 2499 831 2542 n.
852 2476 881 2538 6.

177 2572 275 2635 Plura
297 2594 425 2656 semper
441 2573 577 2635 crimina
594 2576 819 2653 „necessitatis
835 2575 1015 2658 principio“
1040 2573 1188 2660 subjecta
1204 2595 1276 2638 esse

100 2679 239 2751 constat,
261 2693 394 2756 quorum
418 2672 552 2734 maximi
583 2679 658 2735 sunt
691 2675 845 2736 momenti
867 2673 1070 2736 latrocinium
1094 2681 1125 2735 et
1148 2672 1275 2738 sacrile-

102 2771 205 2854 gium.
248 2771 329 2834 Cum
359 2770 561 2833 iustinianus
589 2779 724 2835 mortem
751 2769 857 2852 subiit,
878 2772 998 2836 nullum
1026 2773 1147 2838 crimen
1169 2796 1279 2858 super-

97 2879 179 2948 erat,
202 2869 287 2954 quod
318 2871 459 2956 majores
481 2872 691 2954 magistratus
715 2893 779 2932 non
803 2892 844 2933 ex
866 2870 975 2934 officio
997 2880 1275 2957 persequerentur.

98 2967 292 3031 Voluntaria
322 2969 485 3031 accusatio
519 2977 629 3030 mouet
656 2970 780 3053 regula,
810 2991 873 3053 qua
907 2971 1043 3035 crimina
1065 2973 1096 3034 in
1117 2971 1275 3057 judicium

97 3065 310 3130 deducuntur.
333 3066 468 3129 ludices
494 3074 586 3128 extra
609 3066 755 3130 ordinem
779 3089 819 3129 ex
842 3067 949 3131 officio
972 3077 1180 3154 cognoscunt.
1201 3077 1277 3134 Per-

97 3174 229 3249 ruptum
251 3175 283 3228 et
305 3172 339 3227 ut
360 3166 406 3227 ita
431 3163 537 3227 dicam
568 3163 767 3248 perforatum
802 3173 851 3228 est
881 3167 1072 3250 principium
1097 3167 1278 3252 dispositio-

96 3266 149 3327 nis
172 3263 382 3341 mulinionis,
406 3264 462 3326 sed
482 3285 545 3326 nors
562 3273 767 3348 superatum:
790 3273 961 3350 utrumque
984 3267 1176 3350 principium
1193 3275 1278 3330 utro-

98 3384 161 3448 que
184 3361 360 3446 suppletur.
