<?xml version="1.0" encoding="UTF-8"?>
<!DOCTYPE html PUBLIC "-//W3C//DTD XHTML 1.0 Transitional//EN"
    "http://www.w3.org/TR/xhtml1/DTD/xhtml1-transitional.dtd">
<html xmlns="http://www.w3.org/1999/xhtml" xml:lang="en" lang="en">
 <head>
  <title>
</title>
<meta http-equiv="Content-Type" content="text/html;charset=utf-8" />
  <meta name='ocr-system' content='tesseract 3.04.00' />
  <meta name='ocr-capabilities' content='ocr_page ocr_carea ocr_par ocr_line ocrx_word'/>
</head>
<body>
  <div class='ocr_page' id='page_1' title='image "./denaturainquisi00bindgoog_0012.png"; bbox 0 0 3082 4966; ppageno 0'>
   <div class='ocr_carea' id='block_1_1' title="bbox 612 412 804 474">
    <p class='ocr_par' dir='ltr' id='par_1_1' title="bbox 612 412 804 474">
     <span class='ocr_line' id='line_1_1' title="bbox 612 412 804 474; baseline -0.005 -10"><span class='ocrx_word' id='word_1_1' title='bbox 612 412 804 474; x_wconf 83' lang='grc'>...3.-</span> 
     </span>
    </p>
   </div>
   <div class='ocr_carea' id='block_1_2' title="bbox 114 591 1294 3338">
    <p class='ocr_par' dir='ltr' id='par_1_2' title="bbox 114 591 1294 3042">
     <span class='ocr_line' id='line_1_2' title="bbox 197 591 1288 677; baseline -0.004 -21"><span class='ocrx_word' id='word_1_2' title='bbox 197 593 257 656; x_wconf 87' lang='lat' dir='ltr'><strong>His</strong></span> <span class='ocrx_word' id='word_1_3' title='bbox 288 593 426 677; x_wconf 85' lang='lat' dir='ltr'><strong>cognitis</strong></span> <span class='ocrx_word' id='word_1_4' title='bbox 456 615 533 657; x_wconf 84' lang='lat' dir='ltr'><strong>mox</strong></span> <span class='ocrx_word' id='word_1_5' title='bbox 563 592 718 674; x_wconf 80' lang='lat' dir='ltr'>intellexi,</span> <span class='ocrx_word' id='word_1_6' title='bbox 745 592 844 656; x_wconf 88' lang='lat' dir='ltr'><strong>multo</strong></span> <span class='ocrx_word' id='word_1_7' title='bbox 876 591 1009 675; x_wconf 79' lang='lat' dir='ltr'><strong>majoris</strong></span> <span class='ocrx_word' id='word_1_8' title='bbox 1039 612 1111 656; x_wconf 85' lang='lat' dir='ltr'><strong>esse</strong></span> <span class='ocrx_word' id='word_1_9' title='bbox 1133 591 1288 657; x_wconf 79' lang='lat' dir='ltr'><strong>momenti</strong></span> 
     </span>
     <span class='ocr_line' id='line_1_3' title="bbox 114 691 1289 779; baseline 0.008 -26"><span class='ocrx_word' id='word_1_10' title='bbox 114 692 323 775; x_wconf 84' lang='lat' dir='ltr'><strong>investigare,</strong></span> <span class='ocrx_word' id='word_1_11' title='bbox 344 714 420 759; x_wconf 92' lang='lat' dir='ltr'><strong>num</strong></span> <span class='ocrx_word' id='word_1_12' title='bbox 443 699 475 754; x_wconf 89' lang='lat' dir='ltr'><strong>et</strong></span> <span class='ocrx_word' id='word_1_13' title='bbox 495 699 652 776; x_wconf 91' lang='lat' dir='ltr'><strong>quatenus</strong></span> <span class='ocrx_word' id='word_1_14' title='bbox 676 691 887 775; x_wconf 87' lang='lat' dir='ltr'><strong>„principium</strong></span> <span class='ocrx_word' id='word_1_15' title='bbox 904 694 1130 758; x_wconf 81' lang='lat' dir='ltr'><strong>necessitatis“</strong></span> <span class='ocrx_word' id='word_1_16' title='bbox 1152 698 1289 779; x_wconf 87' lang='lat' dir='ltr'><strong>impera·</strong></span> 
     </span>
     <span class='ocr_line' id='line_1_4' title="bbox 114 791 1287 878; baseline 0.009 -26"><span class='ocrx_word' id='word_1_17' title='bbox 114 797 219 854; x_wconf 89' lang='lat' dir='ltr'><strong>torum</strong></span> <span class='ocrx_word' id='word_1_18' title='bbox 253 797 359 854; x_wconf 88' lang='lat' dir='ltr'><strong>aetate</strong></span> <span class='ocrx_word' id='word_1_19' title='bbox 388 791 583 872; x_wconf 79' lang='lat' dir='ltr'><strong>accreverit,</strong></span> <span class='ocrx_word' id='word_1_20' title='bbox 613 799 830 876; x_wconf 81' lang='lat' dir='ltr'><strong>quantamque</strong></span> <span class='ocrx_word' id='word_1_21' title='bbox 856 794 921 854; x_wconf 90' lang='lat' dir='ltr'><strong>vim</strong></span> <span class='ocrx_word' id='word_1_22' title='bbox 954 795 1117 878; x_wconf 87' lang='lat' dir='ltr'><strong>acceperit</strong></span> <span class='ocrx_word' id='word_1_23' title='bbox 1138 793 1223 860; x_wconf 90' lang='lat' dir='ltr'><strong>idem</strong></span> <span class='ocrx_word' id='word_1_24' title='bbox 1246 797 1287 862; x_wconf 91' lang='lat' dir='ltr'><strong>ad</strong></span> 
     </span>
     <span class='ocr_line' id='line_1_5' title="bbox 115 888 1288 981; baseline 0.008 -30"><span class='ocrx_word' id='word_1_25' title='bbox 115 888 333 952; x_wconf 87' lang='lat' dir='ltr'><strong>immutandas</strong></span> <span class='ocrx_word' id='word_1_26' title='bbox 355 889 476 952; x_wconf 89' lang='lat' dir='ltr'><strong>formas</strong></span> <span class='ocrx_word' id='word_1_27' title='bbox 505 910 677 973; x_wconf 80' lang='lat' dir='ltr'>processus</span> <span class='ocrx_word' id='word_1_28' title='bbox 705 911 770 952; x_wconf 94' lang='lat' dir='ltr'><strong>non</strong></span> <span class='ocrx_word' id='word_1_29' title='bbox 798 890 903 954; x_wconf 91' lang='lat' dir='ltr'><strong>minus</strong></span> <span class='ocrx_word' id='word_1_30' title='bbox 931 896 1166 958; x_wconf 78' lang='lat' dir='ltr'><strong>accusatoriam</strong></span> <span class='ocrx_word' id='word_1_31' title='bbox 1193 917 1288 981; x_wconf 87' lang='lat' dir='ltr'><strong>quam</strong></span> 
     </span>
     <span class='ocr_line' id='line_1_6' title="bbox 115 986 1289 1077; baseline 0.008 -27"><span class='ocrx_word' id='word_1_32' title='bbox 115 987 362 1071; x_wconf 87' lang='lat' dir='ltr'><strong>inquisitoriam,</strong></span> <span class='ocrx_word' id='word_1_33' title='bbox 385 1009 446 1050; x_wconf 90' lang='lat' dir='ltr'><strong>nec</strong></span> <span class='ocrx_word' id='word_1_34' title='bbox 464 988 534 1072; x_wconf 88' lang='lat' dir='ltr'><strong>jam</strong></span> <span class='ocrx_word' id='word_1_35' title='bbox 557 986 694 1072; x_wconf 90' lang='lat' dir='ltr'><strong>amplius</strong></span> <span class='ocrx_word' id='word_1_36' title='bbox 715 990 836 1074; x_wconf 87' lang='lat' dir='ltr'><strong>putavi,</strong></span> <span class='ocrx_word' id='word_1_37' title='bbox 859 987 961 1076; x_wconf 84' lang='lat' dir='ltr'><strong>verba</strong></span> <span class='ocrx_word' id='word_1_38' title='bbox 982 989 1192 1076; x_wconf 84' lang='lat' dir='ltr'><strong>problematis</strong></span> <span class='ocrx_word' id='word_1_39' title='bbox 1215 1018 1289 1077; x_wconf 86' lang='lat' dir='ltr'><strong>„na-</strong></span> 
     </span>
     <span class='ocr_line' id='line_1_7' title="bbox 115 1083 1290 1178; baseline 0.009 -31"><span class='ocrx_word' id='word_1_40' title='bbox 115 1093 220 1148; x_wconf 89' lang='lat' dir='ltr'><strong>turam</strong></span> <span class='ocrx_word' id='word_1_41' title='bbox 242 1086 476 1170; x_wconf 85' lang='lat' dir='ltr'><strong>inquisitionis“</strong></span> <span class='ocrx_word' id='word_1_42' title='bbox 501 1085 603 1150; x_wconf 90' lang='lat' dir='ltr'><strong>solum</strong></span> <span class='ocrx_word' id='word_1_43' title='bbox 626 1084 668 1150; x_wconf 89' lang='lat' dir='ltr'><strong>ad</strong></span> <span class='ocrx_word' id='word_1_44' title='bbox 689 1085 811 1150; x_wconf 80' lang='lat' dir='ltr'><strong>formas</strong></span> <span class='ocrx_word' id='word_1_45' title='bbox 834 1094 866 1150; x_wconf 88' lang='lat' dir='ltr'><strong>et</strong></span> <span class='ocrx_word' id='word_1_46' title='bbox 886 1110 950 1152; x_wconf 91' lang='lat' dir='ltr'><strong>non</strong></span> <span class='ocrx_word' id='word_1_47' title='bbox 974 1088 1015 1152; x_wconf 87' lang='lat' dir='ltr'><strong>ad</strong></span> <span class='ocrx_word' id='word_1_48' title='bbox 1036 1083 1197 1176; x_wconf 80' lang='lat' dir='ltr'><strong>principia</strong></span> <span class='ocrx_word' id='word_1_49' title='bbox 1218 1114 1290 1178; x_wconf 88' lang='lat' dir='ltr'><strong>pro-</strong></span> 
     </span>
     <span class='ocr_line' id='line_1_8' title="bbox 116 1182 1290 1270; baseline 0.007 -24"><span class='ocrx_word' id='word_1_50' title='bbox 116 1205 228 1247; x_wconf 82' lang='lat' dir='ltr'>cessus</span> <span class='ocrx_word' id='word_1_51' title='bbox 250 1183 425 1248; x_wconf 87' lang='lat' dir='ltr'><strong>criminalis</strong></span> <span class='ocrx_word' id='word_1_52' title='bbox 447 1185 618 1268; x_wconf 86' lang='lat' dir='ltr'><strong>pertinere.</strong></span> <span class='ocrx_word' id='word_1_53' title='bbox 662 1182 744 1248; x_wconf 85' lang='lat' dir='ltr'><strong>Sunt</strong></span> <span class='ocrx_word' id='word_1_54' title='bbox 773 1186 826 1270; x_wconf 91' lang='lat' dir='ltr'><strong>qui</strong></span> <span class='ocrx_word' id='word_1_55' title='bbox 857 1185 1029 1268; x_wconf 85' lang='lat' dir='ltr'><strong>affirmant,</strong></span> <span class='ocrx_word' id='word_1_56' title='bbox 1058 1191 1290 1254; x_wconf 88' lang='lat' dir='ltr'><strong>vetustissimo-</strong></span> 
     </span>
     <span class='ocr_line' id='line_1_9' title="bbox 115 1283 1290 1374; baseline 0.006 -28"><span class='ocrx_word' id='word_1_57' title='bbox 115 1305 186 1346; x_wconf 89' lang='lat' dir='ltr'><strong>rum</strong></span> <span class='ocrx_word' id='word_1_58' title='bbox 208 1291 389 1366; x_wconf 87' lang='lat' dir='ltr'><strong>temporum</strong></span> <span class='ocrx_word' id='word_1_59' title='bbox 412 1283 576 1346; x_wconf 90' lang='lat' dir='ltr'><strong>Romanos</strong></span> <span class='ocrx_word' id='word_1_60' title='bbox 609 1283 738 1346; x_wconf 89' lang='lat' dir='ltr'><strong>omniuo</strong></span> <span class='ocrx_word' id='word_1_61' title='bbox 768 1284 814 1346; x_wconf 88' lang='lat' dir='ltr'><strong>nil</strong></span> <span class='ocrx_word' id='word_1_62' title='bbox 834 1284 897 1347; x_wconf 87' lang='lat' dir='ltr'><strong>nisi</strong></span> <span class='ocrx_word' id='word_1_63' title='bbox 924 1285 1101 1350; x_wconf 81' lang='lat' dir='ltr'><strong>laesionem</strong></span> <span class='ocrx_word' id='word_1_64' title='bbox 1121 1287 1205 1372; x_wconf 76' lang='lat' dir='ltr'><strong>Juris</strong></span> <span class='ocrx_word' id='word_1_65' title='bbox 1228 1291 1290 1374; x_wconf 92' lang='lat' dir='ltr'><strong>pri-</strong></span> 
     </span>
     <span class='ocr_line' id='line_1_10' title="bbox 115 1378 1290 1469; baseline 0.006 -25"><span class='ocrx_word' id='word_1_66' title='bbox 115 1389 265 1444; x_wconf 92' lang='lat' dir='ltr'><strong>vatorum</strong></span> <span class='ocrx_word' id='word_1_67' title='bbox 288 1382 409 1444; x_wconf 86' lang='lat' dir='ltr'><strong>crimen</strong></span> <span class='ocrx_word' id='word_1_68' title='bbox 432 1379 573 1460; x_wconf 85' lang='lat' dir='ltr'><strong>duxisse,</strong></span> <span class='ocrx_word' id='word_1_69' title='bbox 595 1388 629 1446; x_wconf 90' lang='lat' dir='ltr'><strong>ut</strong></span> <span class='ocrx_word' id='word_1_70' title='bbox 650 1378 735 1443; x_wconf 84' lang='lat' dir='ltr'><strong>Aba</strong></span> <span class='ocrx_word' id='word_1_71' title='bbox 747 1381 872 1464; x_wconf 81' lang='lat' dir='ltr'><strong>ggius</strong></span> <span class='ocrx_word' id='word_1_72' title='bbox 895 1381 951 1467; x_wconf 84' lang='lat' dir='ltr'><strong>(de</strong></span> <span class='ocrx_word' id='word_1_73' title='bbox 973 1385 1197 1469; x_wconf 89' lang='lat' dir='ltr'><strong>antiquissimo</strong></span> <span class='ocrx_word' id='word_1_74' title='bbox 1228 1387 1290 1451; x_wconf 88' lang='lat' dir='ltr'><strong>Ro-</strong></span> 
     </span>
     <span class='ocr_line' id='line_1_11' title="bbox 117 1477 1291 1564; baseline 0.007 -22"><span class='ocrx_word' id='word_1_75' title='bbox 117 1501 285 1543; x_wconf 87' lang='lat' dir='ltr'><strong>manorum</strong></span> <span class='ocrx_word' id='word_1_76' title='bbox 303 1481 378 1564; x_wconf 88' lang='lat' dir='ltr'><strong>jure</strong></span> <span class='ocrx_word' id='word_1_77' title='bbox 400 1479 558 1543; x_wconf 88' lang='lat' dir='ltr'><strong>criminali</strong></span> <span class='ocrx_word' id='word_1_78' title='bbox 587 1477 666 1542; x_wconf 80' lang='lat'>1823</span> <span class='ocrx_word' id='word_1_79' title='bbox 697 1482 725 1559; x_wconf 66' lang='grc' dir='ltr'><strong>ἕ.</strong></span> <span class='ocrx_word' id='word_1_80' title='bbox 754 1481 817 1564; x_wconf 80' lang='grc'>32).</span> <span class='ocrx_word' id='word_1_81' title='bbox 859 1479 1005 1560; x_wconf 74' lang='lat' dir='ltr'><strong>Quorum</strong></span> <span class='ocrx_word' id='word_1_82' title='bbox 1027 1487 1220 1549; x_wconf 90' lang='lat' dir='ltr'><strong>sententiam</strong></span> <span class='ocrx_word' id='word_1_83' title='bbox 1242 1509 1291 1550; x_wconf 89' lang='lat' dir='ltr'><strong>re-</strong></span> 
     </span>
     <span class='ocr_line' id='line_1_12' title="bbox 115 1575 1291 1666; baseline 0.008 -25"><span class='ocrx_word' id='word_1_84' title='bbox 115 1577 201 1641; x_wconf 80' lang='lat' dir='ltr'><strong>futat</strong></span> <span class='ocrx_word' id='word_1_85' title='bbox 220 1575 355 1642; x_wconf 89' lang='lat' dir='ltr'><strong>historia</strong></span> <span class='ocrx_word' id='word_1_86' title='bbox 370 1578 463 1661; x_wconf 51' lang='lat' dir='ltr'><strong>¹ipsa3</strong></span> <span class='ocrx_word' id='word_1_87' title='bbox 485 1576 614 1642; x_wconf 88' lang='lat' dir='ltr'><strong>obstant</strong></span> <span class='ocrx_word' id='word_1_88' title='bbox 635 1578 756 1641; x_wconf 85' lang='lat' dir='ltr'><strong>veteris</strong></span> <span class='ocrx_word' id='word_1_89' title='bbox 777 1577 975 1662; x_wconf 88' lang='lat' dir='ltr'><strong>reipublicae</strong></span> <span class='ocrx_word' id='word_1_90' title='bbox 996 1589 1114 1646; x_wconf 85' lang='lat' dir='ltr'><strong>natura</strong></span> <span class='ocrx_word' id='word_1_91' title='bbox 1134 1584 1291 1666; x_wconf 89' lang='lat' dir='ltr'><strong>militaris,</strong></span> 
     </span>
     <span class='ocr_line' id='line_1_13' title="bbox 115 1675 1291 1768; baseline 0.008 -30"><span class='ocrx_word' id='word_1_92' title='bbox 115 1698 231 1760; x_wconf 80' lang='lat' dir='ltr'><strong>regum</strong></span> <span class='ocrx_word' id='word_1_93' title='bbox 253 1677 345 1760; x_wconf 87' lang='lat' dir='ltr'><strong>quasi</strong></span> <span class='ocrx_word' id='word_1_94' title='bbox 366 1677 472 1758; x_wconf 88' lang='lat' dir='ltr'><strong>patria</strong></span> <span class='ocrx_word' id='word_1_95' title='bbox 494 1675 534 1739; x_wconf 90' lang='lat' dir='ltr'><strong>de</strong></span> <span class='ocrx_word' id='word_1_96' title='bbox 555 1675 674 1760; x_wconf 76' lang='lat' dir='ltr'><strong>pop‘ulo</strong></span> <span class='ocrx_word' id='word_1_97' title='bbox 697 1683 841 1761; x_wconf 90' lang='lat' dir='ltr'><strong>potestas</strong></span> <span class='ocrx_word' id='word_1_98' title='bbox 862 1680 896 1762; x_wconf 86' lang='lat'><strong>¹).</strong></span> <span class='ocrx_word' id='word_1_99' title='bbox 918 1677 988 1742; x_wconf 89' lang='lat' dir='ltr'><strong>Nec</strong></span> <span class='ocrx_word' id='word_1_100' title='bbox 1010 1679 1202 1746; x_wconf 83' lang='lat' dir='ltr'><strong>Geibius</strong></span> <span class='ocrx_word' id='word_1_101' title='bbox 1225 1685 1291 1768; x_wconf 88' lang='lat' dir='ltr'><strong>qui-</strong></span> 
     </span>
     <span class='ocr_line' id='line_1_14' title="bbox 116 1773 1292 1860; baseline 0.007 -22"><span class='ocrx_word' id='word_1_102' title='bbox 116 1774 191 1838; x_wconf 88' lang='lat' dir='ltr'><strong>dem</strong></span> <span class='ocrx_word' id='word_1_103' title='bbox 212 1773 273 1839; x_wconf 90' lang='lat' dir='ltr'><strong>hoc</strong></span> <span class='ocrx_word' id='word_1_104' title='bbox 296 1795 404 1836; x_wconf 87' lang='lat' dir='ltr'><strong>errore</strong></span> <span class='ocrx_word' id='word_1_105' title='bbox 426 1775 555 1838; x_wconf 89' lang='lat' dir='ltr'><strong>omnino</strong></span> <span class='ocrx_word' id='word_1_106' title='bbox 575 1773 657 1850; x_wconf 86' lang='lat' dir='ltr'><strong>liber</strong></span> <span class='ocrx_word' id='word_1_107' title='bbox 678 1796 750 1838; x_wconf 88' lang='lat' dir='ltr'><strong>esse</strong></span> <span class='ocrx_word' id='word_1_108' title='bbox 778 1773 916 1856; x_wconf 85' lang='lat' dir='ltr'><strong>videtur,</strong></span> <span class='ocrx_word' id='word_1_109' title='bbox 942 1777 996 1860; x_wconf 93' lang='lat' dir='ltr'><strong>qui</strong></span> <span class='ocrx_word' id='word_1_110' title='bbox 1024 1779 1056 1842; x_wconf 94' lang='lat' dir='ltr'><strong>in</strong></span> <span class='ocrx_word' id='word_1_111' title='bbox 1077 1777 1211 1844; x_wconf 89' lang='lat' dir='ltr'><strong>historia</strong></span> <span class='ocrx_word' id='word_1_112' title='bbox 1232 1803 1292 1847; x_wconf 85' lang='lat' dir='ltr'><strong>sue</strong></span> 
     </span>
     <span class='ocr_line' id='line_1_15' title="bbox 116 1872 1290 1958; baseline 0.007 -22"><span class='ocrx_word' id='word_1_113' title='bbox 116 1895 289 1957; x_wconf 83' lang='lat' dir='ltr'><strong>processus</strong></span> <span class='ocrx_word' id='word_1_114' title='bbox 321 1872 497 1936; x_wconf 88' lang='lat' dir='ltr'><strong>criminalis</strong></span> <span class='ocrx_word' id='word_1_115' title='bbox 531 1873 750 1937; x_wconf 88' lang='lat' dir='ltr'><strong>Romanorum</strong></span> <span class='ocrx_word' id='word_1_116' title='bbox 767 1877 794 1958; x_wconf 80' lang='lat'><strong>²)</strong></span> <span class='ocrx_word' id='word_1_117' title='bbox 816 1873 955 1938; x_wconf 87' lang='lat' dir='ltr'><strong>eundern</strong></span> <span class='ocrx_word' id='word_1_118' title='bbox 978 1873 1018 1939; x_wconf 87' lang='lat' dir='ltr'><strong>ab</strong></span> <span class='ocrx_word' id='word_1_119' title='bbox 1042 1881 1290 1958; x_wconf 85' lang='lat' dir='ltr'><strong>„accusatione“</strong></span> 
     </span>
     <span class='ocr_line' id='line_1_16' title="bbox 115 1971 1292 2056; baseline 0.008 -22"><span class='ocrx_word' id='word_1_120' title='bbox 115 1973 343 2056; x_wconf 84' lang='lat' dir='ltr'><strong>incepisse‚.in</strong></span> <span class='ocrx_word' id='word_1_121' title='bbox 365 1971 611 2056; x_wconf 76' lang='lat' dir='ltr'><strong>„inquisitione“</strong></span> <span class='ocrx_word' id='word_1_122' title='bbox 629 1975 656 2055; x_wconf 82' lang='lat'><strong>³)</strong></span> <span class='ocrx_word' id='word_1_123' title='bbox 678 1973 800 2035; x_wconf 89' lang='lat' dir='ltr'><strong>linitam</strong></span> <span class='ocrx_word' id='word_1_124' title='bbox 823 1993 895 2035; x_wconf 87' lang='lat' dir='ltr'><strong>esse</strong></span> <span class='ocrx_word' id='word_1_125' title='bbox 916 1974 1089 2038; x_wconf 89' lang='lat' dir='ltr'><strong>contendit.</strong></span> <span class='ocrx_word' id='word_1_126' title='bbox 1132 1978 1204 2041; x_wconf 91' lang='lat' dir='ltr'><strong>Hoc</strong></span> <span class='ocrx_word' id='word_1_127' title='bbox 1222 1985 1292 2044; x_wconf 86' lang='lat' dir='ltr'><strong>tan·</strong></span> 
     </span>
     <span class='ocr_line' id='line_1_17' title="bbox 116 2071 1293 2159; baseline 0.006 -27"><span class='ocrx_word' id='word_1_128' title='bbox 116 2077 185 2132; x_wconf 91' lang='lat' dir='ltr'><strong>tum</strong></span> <span class='ocrx_word' id='word_1_129' title='bbox 208 2077 329 2133; x_wconf 89' lang='lat' dir='ltr'><strong>certum</strong></span> <span class='ocrx_word' id='word_1_130' title='bbox 353 2077 411 2148; x_wconf 88' lang='lat' dir='ltr'><strong>est,</strong></span> <span class='ocrx_word' id='word_1_131' title='bbox 432 2071 625 2152; x_wconf 86' lang='lat' dir='ltr'><strong>praesertim</strong></span> <span class='ocrx_word' id='word_1_132' title='bbox 655 2091 697 2132; x_wconf 88' lang='lat' dir='ltr'><strong>ex</strong></span> <span class='ocrx_word' id='word_1_133' title='bbox 725 2091 763 2133; x_wconf 90' lang='lat' dir='ltr'><strong>eo</strong></span> <span class='ocrx_word' id='word_1_134' title='bbox 789 2077 936 2154; x_wconf 88' lang='lat' dir='ltr'><strong>ternpore</strong></span> <span class='ocrx_word' id='word_1_135' title='bbox 964 2093 1026 2156; x_wconf 92' lang='lat' dir='ltr'><strong>quo</strong></span> <span class='ocrx_word' id='word_1_136' title='bbox 1049 2074 1129 2138; x_wconf 92' lang='lat' dir='ltr'><strong>ordo</strong></span> <span class='ocrx_word' id='word_1_137' title='bbox 1150 2073 1293 2159; x_wconf 91' lang='lat' dir='ltr'><strong>publico-</strong></span> 
     </span>
     <span class='ocr_line' id='line_1_18' title="bbox 119 2167 1292 2256; baseline 0.006 -26"><span class='ocrx_word' id='word_1_138' title='bbox 119 2189 191 2230; x_wconf 86' lang='lat' dir='ltr'><strong>rum</strong></span> <span class='ocrx_word' id='word_1_139' title='bbox 210 2167 407 2253; x_wconf 87' lang='lat' dir='ltr'><strong>judiciorum</strong></span> <span class='ocrx_word' id='word_1_140' title='bbox 429 2169 462 2232; x_wconf 92' lang='lat' dir='ltr'><strong>in</strong></span> <span class='ocrx_word' id='word_1_141' title='bbox 480 2188 541 2231; x_wconf 90' lang='lat' dir='ltr'><strong>usu</strong></span> <span class='ocrx_word' id='word_1_142' title='bbox 563 2189 635 2230; x_wconf 89' lang='lat' dir='ltr'><strong>esse</strong></span> <span class='ocrx_word' id='word_1_143' title='bbox 652 2167 755 2247; x_wconf 89' lang='lat' dir='ltr'><strong>desiit,</strong></span> <span class='ocrx_word' id='word_1_144' title='bbox 777 2170 981 2232; x_wconf 85' lang='lat' dir='ltr'><strong>necessitatis</strong></span> <span class='ocrx_word' id='word_1_145' title='bbox 1003 2171 1195 2256; x_wconf 90' lang='lat' dir='ltr'><strong>principium</strong></span> <span class='ocrx_word' id='word_1_146' title='bbox 1218 2194 1292 2237; x_wconf 92' lang='lat' dir='ltr'><strong>con-</strong></span> 
     </span>
     <span class='ocr_line' id='line_1_19' title="bbox 116 2257 1292 2356; baseline 0.005 -26"><span class='ocrx_word' id='word_1_147' title='bbox 116 2260 277 2330; x_wconf 56' lang='lat' dir='ltr'><strong>valuisses</strong></span> <span class='ocrx_word' id='word_1_148' title='bbox 311 2265 413 2350; x_wconf 78' lang='lat' dir='ltr'><strong>Cujus</strong></span> <span class='ocrx_word' id='word_1_149' title='bbox 435 2268 585 2349; x_wconf 84' lang='lat' dir='ltr'><strong>vestigia,</strong></span> <span class='ocrx_word' id='word_1_150' title='bbox 618 2257 794 2350; x_wconf 82' lang='lat' dir='ltr'><strong>quaejam</strong></span> <span class='ocrx_word' id='word_1_151' title='bbox 828 2265 990 2350; x_wconf 88' lang='lat' dir='ltr'><strong>prioribus</strong></span> <span class='ocrx_word' id='word_1_152' title='bbox 1013 2267 1173 2332; x_wconf 84' lang='lat' dir='ltr'><strong>aetatibus</strong></span> <span class='ocrx_word' id='word_1_153' title='bbox 1195 2293 1292 2356; x_wconf 89' lang='lat' dir='ltr'><strong>appa-</strong></span> 
     </span>
     <span class='ocr_line' id='line_1_20' title="bbox 116 2362 1292 2455; baseline 0.004 -27"><span class='ocrx_word' id='word_1_154' title='bbox 116 2371 219 2445; x_wconf 83' lang='lat' dir='ltr'><strong>reant,</strong></span> <span class='ocrx_word' id='word_1_155' title='bbox 235 2365 404 2449; x_wconf 86' lang='lat' dir='ltr'><strong>quominus</strong></span> <span class='ocrx_word' id='word_1_156' title='bbox 419 2366 581 2450; x_wconf 88' lang='lat' dir='ltr'><strong>inquirere</strong></span> <span class='ocrx_word' id='word_1_157' title='bbox 597 2362 760 2442; x_wconf 88' lang='lat' dir='ltr'><strong>auderem,</strong></span> <span class='ocrx_word' id='word_1_158' title='bbox 774 2371 862 2428; x_wconf 89' lang='lat' dir='ltr'><strong>metu</strong></span> <span class='ocrx_word' id='word_1_159' title='bbox 876 2364 1056 2448; x_wconf 89' lang='lat' dir='ltr'><strong>prohibitus</strong></span> <span class='ocrx_word' id='word_1_160' title='bbox 1072 2389 1157 2431; x_wconf 92' lang='lat' dir='ltr'><strong>sum:</strong></span> <span class='ocrx_word' id='word_1_161' title='bbox 1173 2370 1292 2455; x_wconf 87' lang='lat' dir='ltr'><strong>quippe</strong></span> 
     </span>
     <span class='ocr_line' id='line_1_21' title="bbox 117 2463 1293 2551; baseline 0.003 -24"><span class='ocrx_word' id='word_1_162' title='bbox 117 2465 284 2547; x_wconf 88' lang='lat' dir='ltr'><strong>vituperat</strong></span> <span class='ocrx_word' id='word_1_163' title='bbox 315 2463 566 2527; x_wconf 88' lang='lat' dir='ltr'><strong>Theodorus</strong></span> <span class='ocrx_word' id='word_1_164' title='bbox 597 2463 862 2549; x_wconf 69' lang='lat' dir='ltr'><strong>Mommsenl)</strong></span> <span class='ocrx_word' id='word_1_165' title='bbox 893 2463 1099 2544; x_wconf 85' lang='lat' dir='ltr'><strong>Geibium,</strong></span> <span class='ocrx_word' id='word_1_166' title='bbox 1122 2466 1207 2551; x_wconf 91' lang='lat' dir='ltr'><strong>quod</strong></span> <span class='ocrx_word' id='word_1_167' title='bbox 1228 2489 1293 2532; x_wconf 93' lang='lat' dir='ltr'><strong>non</strong></span> 
     </span>
     <span class='ocr_line' id='line_1_22' title="bbox 117 2559 1294 2650; baseline 0.005 -26"><span class='ocrx_word' id='word_1_168' title='bbox 117 2563 275 2626; x_wconf 87' lang='lat' dir='ltr'><strong>arctiores</strong></span> <span class='ocrx_word' id='word_1_169' title='bbox 297 2561 538 2647; x_wconf 86' lang='lat' dir='ltr'><strong>disquisitiones</strong></span> <span class='ocrx_word' id='word_1_170' title='bbox 561 2581 662 2646; x_wconf 89' lang='lat' dir='ltr'><strong>eoque</strong></span> <span class='ocrx_word' id='word_1_171' title='bbox 694 2559 915 2645; x_wconf 87' lang='lat' dir='ltr'><strong>diligentiores</strong></span> <span class='ocrx_word' id='word_1_172' title='bbox 943 2562 1182 2628; x_wconf 86' lang='lat' dir='ltr'><strong>extensioribus</strong></span> <span class='ocrx_word' id='word_1_173' title='bbox 1202 2588 1294 2650; x_wconf 89' lang='lat' dir='ltr'><strong>prae-</strong></span> 
     </span>
     <span class='ocr_line' id='line_1_23' title="bbox 116 2658 1293 2748; baseline 0.003 -24"><span class='ocrx_word' id='word_1_174' title='bbox 116 2660 235 2726; x_wconf 86' lang='lat' dir='ltr'><strong>tulerit.</strong></span> <span class='ocrx_word' id='word_1_175' title='bbox 259 2661 301 2724; x_wconf 78' lang='lat' dir='ltr'><strong>Et</strong></span> <span class='ocrx_word' id='word_1_176' title='bbox 323 2658 399 2746; x_wconf 92' lang='lat' dir='ltr'><strong>quid</strong></span> <span class='ocrx_word' id='word_1_177' title='bbox 420 2667 555 2746; x_wconf 88' lang='lat' dir='ltr'><strong>prosunt</strong></span> <span class='ocrx_word' id='word_1_178' title='bbox 577 2658 702 2743; x_wconf 82' lang='lat' dir='ltr'><strong>singula</strong></span> <span class='ocrx_word' id='word_1_179' title='bbox 723 2661 863 2744; x_wconf 87' lang='lat' dir='ltr'><strong>vestigia</strong></span> <span class='ocrx_word' id='word_1_180' title='bbox 885 2683 944 2746; x_wconf 89' lang='lat' dir='ltr'><strong>per</strong></span> <span class='ocrx_word' id='word_1_181' title='bbox 966 2661 1097 2725; x_wconf 86' lang='lat' dir='ltr'><strong>saecula</strong></span> <span class='ocrx_word' id='word_1_182' title='bbox 1117 2659 1293 2748; x_wconf 75' lang='lat' dir='ltr'><strong>dispersa?</strong></span> 
     </span>
     <span class='ocr_line' id='line_1_24' title="bbox 116 2757 1292 2844; baseline 0.001 -20"><span class='ocrx_word' id='word_1_183' title='bbox 116 2759 278 2824; x_wconf 88' lang='lat' dir='ltr'><strong>Memorat</strong></span> <span class='ocrx_word' id='word_1_184' title='bbox 315 2781 354 2823; x_wconf 86' lang='lat' dir='ltr'><strong>ea</strong></span> <span class='ocrx_word' id='word_1_185' title='bbox 384 2759 513 2844; x_wconf 90' lang='lat' dir='ltr'><strong>quidem</strong></span> <span class='ocrx_word' id='word_1_186' title='bbox 545 2757 694 2838; x_wconf 82' lang='lat' dir='ltr'><strong>historia,</strong></span> <span class='ocrx_word' id='word_1_187' title='bbox 717 2757 775 2822; x_wconf 90' lang='lat' dir='ltr'><strong>sed</strong></span> <span class='ocrx_word' id='word_1_188' title='bbox 796 2758 948 2843; x_wconf 79' lang='lat' dir='ltr'><strong>negligit3</strong></span> <span class='ocrx_word' id='word_1_189' title='bbox 970 2766 1039 2824; x_wconf 91' lang='lat' dir='ltr'><strong>tum</strong></span> <span class='ocrx_word' id='word_1_190' title='bbox 1060 2759 1200 2841; x_wconf 87' lang='lat' dir='ltr'><strong>demum,</strong></span> <span class='ocrx_word' id='word_1_191' title='bbox 1220 2781 1292 2825; x_wconf 92' lang='lat' dir='ltr'><strong>cum</strong></span> 
     </span>
     <span class='ocr_line' id='line_1_25' title="bbox 119 2857 1293 2942; baseline 0 -20"><span class='ocrx_word' id='word_1_192' title='bbox 119 2860 222 2922; x_wconf 86' lang='lat' dir='ltr'><strong>atita</strong></span> <span class='ocrx_word' id='word_1_193' title='bbox 242 2857 348 2922; x_wconf 90' lang='lat' dir='ltr'><strong>dicam</strong></span> <span class='ocrx_word' id='word_1_194' title='bbox 370 2880 456 2923; x_wconf 89' lang='lat' dir='ltr'><strong>nova</strong></span> <span class='ocrx_word' id='word_1_195' title='bbox 476 2857 551 2923; x_wconf 88' lang='lat' dir='ltr'><strong>idea</strong></span> <span class='ocrx_word' id='word_1_196' title='bbox 578 2857 692 2942; x_wconf 89' lang='lat' dir='ltr'><strong>incipit</strong></span> <span class='ocrx_word' id='word_1_197' title='bbox 718 2857 842 2922; x_wconf 86' lang='lat' dir='ltr'><strong>formas</strong></span> <span class='ocrx_word' id='word_1_198' title='bbox 871 2857 1061 2942; x_wconf 84' lang='lat' dir='ltr'><strong>pervadere,</strong></span> <span class='ocrx_word' id='word_1_199' title='bbox 1097 2859 1210 2942; x_wconf 90' lang='lat' dir='ltr'><strong>incipit</strong></span> <span class='ocrx_word' id='word_1_200' title='bbox 1231 2858 1293 2922; x_wconf 90' lang='lat' dir='ltr'><strong>his-</strong></span> 
     </span>
     <span class='ocr_line' id='line_1_26' title="bbox 117 2957 305 3042; baseline 0.027 -23"><span class='ocrx_word' id='word_1_201' title='bbox 117 2958 203 3021; x_wconf 85' lang='lat' dir='ltr'><strong>toria</strong></span> <span class='ocrx_word' id='word_1_202' title='bbox 224 2957 305 3042; x_wconf 83' lang='lat' dir='ltr'><strong>ipsa.</strong></span> 
     </span>
    </p>

    <p class='ocr_par' dir='ltr' id='par_1_3' title="bbox 119 3054 1294 3338">
     <span class='ocr_line' id='line_1_27' title="bbox 204 3054 1294 3141; baseline -0.002 -21"><span class='ocrx_word' id='word_1_203' title='bbox 204 3055 268 3120; x_wconf 82' lang='lat' dir='ltr'><strong>Sed</strong></span> <span class='ocrx_word' id='word_1_204' title='bbox 291 3077 454 3141; x_wconf 89' lang='lat' dir='ltr'><strong>nunquam</strong></span> <span class='ocrx_word' id='word_1_205' title='bbox 476 3055 555 3120; x_wconf 92' lang='lat' dir='ltr'><strong>illud</strong></span> <span class='ocrx_word' id='word_1_206' title='bbox 587 3055 790 3118; x_wconf 83' lang='lat' dir='ltr'><strong>necessitatis</strong></span> <span class='ocrx_word' id='word_1_207' title='bbox 822 3054 1015 3138; x_wconf 88' lang='lat' dir='ltr'><strong>principium</strong></span> <span class='ocrx_word' id='word_1_208' title='bbox 1046 3057 1196 3119; x_wconf 88' lang='lat' dir='ltr'><strong>universo</strong></span> <span class='ocrx_word' id='word_1_209' title='bbox 1222 3077 1294 3140; x_wconf 92' lang='lat' dir='ltr'><strong>pro-</strong></span> 
     </span>
     <span class='ocr_line' id='line_1_28' title="bbox 119 3153 1294 3238; baseline 0 -20"><span class='ocrx_word' id='word_1_210' title='bbox 119 3175 216 3218; x_wconf 90' lang='lat' dir='ltr'><strong>cessu</strong></span> <span class='ocrx_word' id='word_1_211' title='bbox 237 3155 396 3219; x_wconf 87' lang='lat' dir='ltr'><strong>criminali</strong></span> <span class='ocrx_word' id='word_1_212' title='bbox 423 3156 561 3238; x_wconf 88' lang='lat' dir='ltr'><strong>positum</strong></span> <span class='ocrx_word' id='word_1_213' title='bbox 591 3161 650 3235; x_wconf 87' lang='lat' dir='ltr'><strong>est,</strong></span> <span class='ocrx_word' id='word_1_214' title='bbox 675 3153 773 3216; x_wconf 89' lang='lat' dir='ltr'><strong>immo</strong></span> <span class='ocrx_word' id='word_1_215' title='bbox 802 3173 931 3236; x_wconf 90' lang='lat' dir='ltr'><strong>semper</strong></span> <span class='ocrx_word' id='word_1_216' title='bbox 956 3153 1062 3216; x_wconf 91' lang='lat' dir='ltr'><strong>locum</strong></span> <span class='ocrx_word' id='word_1_217' title='bbox 1094 3155 1294 3238; x_wconf 86' lang='lat' dir='ltr'><strong>exceptionis</strong></span> 
     </span>
     <span class='ocr_line' id='line_1_29' title="bbox 121 3251 1294 3338; baseline 0.001 -22"><span class='ocrx_word' id='word_1_218' title='bbox 121 3251 234 3318; x_wconf 86' lang='lat' dir='ltr'><strong>habuit</strong></span> <span class='ocrx_word' id='word_1_219' title='bbox 249 3256 292 3338; x_wconf 77' lang='grc'><strong>5);</strong></span> <span class='ocrx_word' id='word_1_220' title='bbox 321 3275 385 3317; x_wconf 89' lang='lat' dir='ltr'><strong>non</strong></span> <span class='ocrx_word' id='word_1_221' title='bbox 406 3261 515 3319; x_wconf 86' lang='lat' dir='ltr'><strong>tamen</strong></span> <span class='ocrx_word' id='word_1_222' title='bbox 535 3254 600 3334; x_wconf 90' lang='lat' dir='ltr'><strong>ita,</strong></span> <span class='ocrx_word' id='word_1_223' title='bbox 627 3261 662 3316; x_wconf 88' lang='lat' dir='ltr'><strong>ut</strong></span> <span class='ocrx_word' id='word_1_224' title='bbox 688 3273 814 3316; x_wconf 90' lang='lat' dir='ltr'><strong>omnem</strong></span> <span class='ocrx_word' id='word_1_225' title='bbox 846 3251 1015 3316; x_wconf 88' lang='lat' dir='ltr'><strong>criminum</strong></span> <span class='ocrx_word' id='word_1_226' title='bbox 1036 3254 1294 3336; x_wconf 88' lang='lat' dir='ltr'><strong>persecutionem</strong></span> 
     </span>
    </p>
   </div>
   <div class='ocr_carea' id='block_1_3' title="bbox 123 3585 1350 4400">
    <p class='ocr_par' dir='ltr' id='par_1_4' title="bbox 123 3585 1350 3734">
     <span class='ocr_line' id='line_1_30' title="bbox 190 3585 1350 3652; baseline 0.003 -14"><span class='ocrx_word' id='word_1_227' title='bbox 190 3585 216 3652; x_wconf 85' lang='lat'><strong>1)</strong></span> <span class='ocrx_word' id='word_1_228' title='bbox 233 3587 378 3651; x_wconf 80' lang='lat' dir='ltr'><strong>Rubico,</strong></span> <span class='ocrx_word' id='word_1_229' title='bbox 400 3587 558 3646; x_wconf 83' lang='lat' dir='ltr'><strong>Uutersuch.</strong></span> <span class='ocrx_word' id='word_1_230' title='bbox 582 3587 649 3638; x_wconf 83' lang='lat' dir='ltr'><strong>iiber</strong></span> <span class='ocrx_word' id='word_1_231' title='bbox 671 3587 736 3637; x_wconf 79' lang='lat' dir='ltr'><strong>slim.</strong></span> <span class='ocrx_word' id='word_1_232' title='bbox 759 3585 924 3651; x_wconf 80' lang='lat' dir='ltr'><strong>Vertassung</strong></span> <span class='ocrx_word' id='word_1_233' title='bbox 949 3585 970 3636; x_wconf 88' lang='grc' dir='ltr'><strong>Ι.</strong></span> <span class='ocrx_word' id='word_1_234' title='bbox 1001 3587 1057 3637; x_wconf 80' lang='grc'><strong>131.</strong></span> <span class='ocrx_word' id='word_1_235' title='bbox 1080 3588 1136 3639; x_wconf 78' lang='grc'><strong>133.</strong></span> <span class='ocrx_word' id='word_1_236' title='bbox 1156 3588 1204 3638; x_wconf 78' lang='grc'><strong>137</strong></span> <span class='ocrx_word' id='word_1_237' title='bbox 1221 3603 1246 3638; x_wconf 87' lang='lat' dir='ltr'><strong>n.</strong></span> <span class='ocrx_word' id='word_1_238' title='bbox 1268 3590 1295 3642; x_wconf 75' lang='lat'><strong>1,</strong></span> <span class='ocrx_word' id='word_1_239' title='bbox 1343 3634 1350 3642; x_wconf 85' lang='lat'><em>.</em></span> 
     </span>
     <span class='ocr_line' id='line_1_31' title="bbox 123 3667 1087 3734; baseline -0.004 -11"><span class='ocrx_word' id='word_1_240' title='bbox 123 3675 183 3726; x_wconf 82' lang='lat'><strong>310.</strong></span> <span class='ocrx_word' id='word_1_241' title='bbox 216 3673 350 3723; x_wconf 83' lang='lat' dir='ltr'><strong>Dissentit</strong></span> <span class='ocrx_word' id='word_1_242' title='bbox 374 3671 467 3733; x_wconf 80' lang='lat' dir='ltr'><strong>Geib,</strong></span> <span class='ocrx_word' id='word_1_243' title='bbox 487 3670 644 3722; x_wconf 80' lang='lat' dir='ltr'><strong>Geschichte</strong></span> <span class='ocrx_word' id='word_1_244' title='bbox 662 3669 708 3720; x_wconf 87' lang='lat' dir='ltr'><strong>dos</strong></span> <span class='ocrx_word' id='word_1_245' title='bbox 726 3670 790 3720; x_wconf 71' lang='lat' dir='ltr'><strong>rom.</strong></span> <span class='ocrx_word' id='word_1_246' title='bbox 812 3667 981 3719; x_wconf 68' lang='lat' dir='ltr'><strong>(irim-Pron.</strong></span> <span class='ocrx_word' id='word_1_247' title='bbox 1001 3685 1026 3734; x_wconf 89' lang='lat' dir='ltr'><strong>p.</strong></span> <span class='ocrx_word' id='word_1_248' title='bbox 1046 3671 1087 3720; x_wconf 79' lang='lat' dir='ltr'><strong>dt.</strong></span> 
     </span>
    </p>

    <p class='ocr_par' dir='ltr' id='par_1_5' title="bbox 124 3750 1296 4069">
     <span class='ocr_line' id='line_1_32' title="bbox 189 3750 1296 3818; baseline 0.003 -13"><span class='ocrx_word' id='word_1_249' title='bbox 189 3753 216 3818; x_wconf 71' lang='lat'><strong>2)</strong></span> <span class='ocrx_word' id='word_1_250' title='bbox 234 3754 328 3815; x_wconf 71' lang='lat' dir='ltr'><strong>corb,</strong></span> <span class='ocrx_word' id='word_1_251' title='bbox 355 3752 513 3806; x_wconf 75' lang='lat' dir='ltr'><strong>Geschichte</strong></span> <span class='ocrx_word' id='word_1_252' title='bbox 537 3752 584 3804; x_wconf 87' lang='lat' dir='ltr'><strong>dea</strong></span> <span class='ocrx_word' id='word_1_253' title='bbox 610 3750 760 3804; x_wconf 74' lang='lat' dir='ltr'><strong>rdmiaclren</strong></span> <span class='ocrx_word' id='word_1_254' title='bbox 777 3751 1059 3804; x_wconf 67' lang='lat' dir='ltr'><strong>erimina-Prosenses</strong></span> <span class='ocrx_word' id='word_1_255' title='bbox 1086 3753 1128 3804; x_wconf 80' lang='lat' dir='ltr'><strong>bis</strong></span> <span class='ocrx_word' id='word_1_256' title='bbox 1144 3769 1203 3804; x_wconf 83' lang='lat' dir='ltr'><strong>aum</strong></span> <span class='ocrx_word' id='word_1_257' title='bbox 1222 3754 1296 3808; x_wconf 75' lang='lat' dir='ltr'><strong>Tods</strong></span> 
     </span>
     <span class='ocr_line' id='line_1_33' title="bbox 124 3832 1296 3901; baseline 0 -13"><span class='ocrx_word' id='word_1_258' title='bbox 124 3837 373 3888; x_wconf 77' lang='lat' dir='ltr'><strong>Justinians.1842.</strong></span> <span class='ocrx_word' id='word_1_259' title='bbox 410 3835 568 3886; x_wconf 76' lang='lat' dir='ltr'><strong>conferatur</strong></span> <span class='ocrx_word' id='word_1_260' title='bbox 583 3834 738 3900; x_wconf 85' lang='lat' dir='ltr'><strong>praesertim</strong></span> <span class='ocrx_word' id='word_1_261' title='bbox 762 3836 857 3896; x_wconf 80' lang='lat' dir='ltr'><strong>„tertia</strong></span> <span class='ocrx_word' id='word_1_262' title='bbox 881 3832 1023 3900; x_wconf 80' lang='lat' dir='ltr'><strong>periodus“</strong></span> <span class='ocrx_word' id='word_1_263' title='bbox 1049 3852 1075 3901; x_wconf 87' lang='lat' dir='ltr'><strong>p.</strong></span> <span class='ocrx_word' id='word_1_264' title='bbox 1092 3836 1141 3886; x_wconf 79' lang='lat'><strong>412</strong></span> <span class='ocrx_word' id='word_1_265' title='bbox 1159 3836 1185 3888; x_wconf 79' lang='lat' dir='ltr'><strong>ff.</strong></span> <span class='ocrx_word' id='word_1_266' title='bbox 1220 3837 1296 3888; x_wconf 80' lang='lat' dir='ltr'><strong>Osta-</strong></span> 
     </span>
     <span class='ocr_line' id='line_1_34' title="bbox 125 3917 1296 3986; baseline 0.002 -16"><span class='ocrx_word' id='word_1_267' title='bbox 125 3937 184 3971; x_wconf 88' lang='lat' dir='ltr'><strong>rum</strong></span> <span class='ocrx_word' id='word_1_268' title='bbox 200 3937 279 3986; x_wconf 83' lang='lat' dir='ltr'><strong>quam</strong></span> <span class='ocrx_word' id='word_1_269' title='bbox 297 3921 424 3972; x_wconf 83' lang='lat' dir='ltr'><strong>maximas</strong></span> <span class='ocrx_word' id='word_1_270' title='bbox 443 3917 500 3983; x_wconf 84' lang='lat' dir='ltr'><strong>ejus</strong></span> <span class='ocrx_word' id='word_1_271' title='bbox 516 3919 578 3968; x_wconf 89' lang='lat' dir='ltr'><strong>libri</strong></span> <span class='ocrx_word' id='word_1_272' title='bbox 595 3919 697 3968; x_wconf 86' lang='lat' dir='ltr'><strong>auctori</strong></span> <span class='ocrx_word' id='word_1_273' title='bbox 723 3917 823 3981; x_wconf 75' lang='lat' dir='ltr'><strong>gratias</strong></span> <span class='ocrx_word' id='word_1_274' title='bbox 845 3933 924 3982; x_wconf 73' lang='lat' dir='ltr'><strong>egere</strong></span> <span class='ocrx_word' id='word_1_275' title='bbox 942 3918 1034 3980; x_wconf 86' lang='lat' dir='ltr'><strong>debeo,</strong></span> <span class='ocrx_word' id='word_1_276' title='bbox 1050 3917 1083 3967; x_wconf 89' lang='lat' dir='ltr'><strong>de</strong></span> <span class='ocrx_word' id='word_1_277' title='bbox 1100 3917 1175 3982; x_wconf 72' lang='lat' dir='ltr'><strong>cnjus</strong></span> <span class='ocrx_word' id='word_1_278' title='bbox 1194 3921 1296 3972; x_wconf 81' lang='lat' dir='ltr'><strong>meritis</strong></span> 
     </span>
     <span class='ocr_line' id='line_1_35' title="bbox 125 3999 580 4069; baseline -0.009 -15"><span class='ocrx_word' id='word_1_279' title='bbox 125 4009 225 4069; x_wconf 83' lang='lat' dir='ltr'><strong>quanta</strong></span> <span class='ocrx_word' id='word_1_280' title='bbox 242 4004 297 4054; x_wconf 86' lang='lat' dir='ltr'><strong>sint</strong></span> <span class='ocrx_word' id='word_1_281' title='bbox 309 3999 365 4066; x_wconf 83' lang='lat' dir='ltr'><strong>jam</strong></span> <span class='ocrx_word' id='word_1_282' title='bbox 383 4003 448 4053; x_wconf 82' lang='lat' dir='ltr'><strong>satis</strong></span> <span class='ocrx_word' id='word_1_283' title='bbox 466 4005 580 4052; x_wconf 87' lang='lat' dir='ltr'><strong>constat.</strong></span> 
     </span>
    </p>

    <p class='ocr_par' dir='ltr' id='par_1_6' title="bbox 128 4073 1296 4236">
     <span class='ocr_line' id='line_1_36' title="bbox 192 4073 1296 4151; baseline -0.003 -14"><span class='ocrx_word' id='word_1_284' title='bbox 192 4085 219 4151; x_wconf 80' lang='grc'><strong>3)</strong></span> <span class='ocrx_word' id='word_1_285' title='bbox 237 4088 297 4138; x_wconf 80' lang='lat' dir='ltr'><strong>Noa</strong></span> <span class='ocrx_word' id='word_1_286' title='bbox 314 4087 441 4136; x_wconf 85' lang='lat' dir='ltr'><strong>disceruit</strong></span> <span class='ocrx_word' id='word_1_287' title='bbox 456 4085 586 4150; x_wconf 84' lang='lat' dir='ltr'><strong>principia</strong></span> <span class='ocrx_word' id='word_1_288' title='bbox 602 4088 630 4134; x_wconf 87' lang='lat' dir='ltr'><strong>st</strong></span> <span class='ocrx_word' id='word_1_289' title='bbox 655 4083 760 4146; x_wconf 77' lang='lat' dir='ltr'><strong>formas,</strong></span> <span class='ocrx_word' id='word_1_290' title='bbox 783 4083 853 4149; x_wconf 88' lang='lat' dir='ltr'><strong>quod</strong></span> <span class='ocrx_word' id='word_1_291' title='bbox 867 4081 924 4146; x_wconf 87' lang='lat' dir='ltr'><strong>jam</strong></span> <span class='ocrx_word' id='word_1_292' title='bbox 942 4085 1076 4148; x_wconf 80' lang='lat' dir='ltr'><strong>vituperat</strong></span> <span class='ocrx_word' id='word_1_293' title='bbox 1092 4073 1296 4146; x_wconf 75' lang='lat' dir='ltr'><strong>Zachariae,</strong></span> 
     </span>
     <span class='ocr_line' id='line_1_37' title="bbox 128 4169 388 4236; baseline 0 -14"><span class='ocrx_word' id='word_1_294' title='bbox 128 4169 284 4222; x_wconf 80' lang='lat' dir='ltr'><strong>Gobrschen</strong></span> <span class='ocrx_word' id='word_1_295' title='bbox 301 4187 326 4236; x_wconf 91' lang='lat' dir='ltr'><strong>p.</strong></span> <span class='ocrx_word' id='word_1_296' title='bbox 344 4170 388 4222; x_wconf 79' lang='lat'><strong>38.</strong></span> 
     </span>
    </p>

    <p class='ocr_par' dir='ltr' id='par_1_7' title="bbox 191 4249 1188 4315">
     <span class='ocr_line' id='line_1_38' title="bbox 191 4249 1188 4315; baseline -0.004 -12"><span class='ocrx_word' id='word_1_297' title='bbox 191 4250 219 4315; x_wconf 82' lang='lat'><strong>4)</strong></span> <span class='ocrx_word' id='word_1_298' title='bbox 237 4253 312 4304; x_wconf 84' lang='lat' dir='ltr'><strong>Neue</strong></span> <span class='ocrx_word' id='word_1_299' title='bbox 329 4253 428 4304; x_wconf 83' lang='lat' dir='ltr'><strong>Jeuaer</strong></span> <span class='ocrx_word' id='word_1_300' title='bbox 442 4249 600 4314; x_wconf 75' lang='lat' dir='ltr'><strong>allgemaine</strong></span> <span class='ocrx_word' id='word_1_301' title='bbox 618 4249 874 4315; x_wconf 72' lang='lat' dir='ltr'><strong>Litteraturaeituug</strong></span> <span class='ocrx_word' id='word_1_302' title='bbox 891 4249 964 4300; x_wconf 75' lang='grc'><strong>1844.</strong></span> <span class='ocrx_word' id='word_1_303' title='bbox 982 4265 1008 4315; x_wconf 91' lang='lat' dir='ltr'><strong>p.</strong></span> <span class='ocrx_word' id='word_1_304' title='bbox 1026 4250 1085 4300; x_wconf 79' lang='lat'><strong>24⁷.</strong></span> <span class='ocrx_word' id='word_1_305' title='bbox 1186 4261 1188 4265; x_wconf 87' lang='lat'>·</span> 
     </span>
    </p>

    <p class='ocr_par' dir='ltr' id='par_1_8' title="bbox 193 4331 839 4400">
     <span class='ocr_line' id='line_1_39' title="bbox 193 4331 839 4400; baseline -0.003 -14"><span class='ocrx_word' id='word_1_306' title='bbox 193 4335 220 4400; x_wconf 78' lang='grc' dir='ltr'><strong>ὃ)</strong></span> <span class='ocrx_word' id='word_1_307' title='bbox 239 4335 440 4396; x_wconf 83' lang='lat' dir='ltr'><strong>Zachariae,</strong></span> <span class='ocrx_word' id='word_1_308' title='bbox 458 4331 636 4384; x_wconf 81' lang='lat' dir='ltr'><strong>Grundlinien</strong></span> <span class='ocrx_word' id='word_1_309' title='bbox 652 4332 676 4391; x_wconf 68' lang='lat'><strong>§-</strong></span> <span class='ocrx_word' id='word_1_310' title='bbox 696 4333 736 4383; x_wconf 75' lang='grc'><strong>76.</strong></span> <span class='ocrx_word' id='word_1_311' title='bbox 755 4349 781 4399; x_wconf 89' lang='lat' dir='ltr'><strong>p.</strong></span> <span class='ocrx_word' id='word_1_312' title='bbox 799 4335 839 4384; x_wconf 79' lang='grc'><strong>60.</strong></span> 
     </span>
    </p>
   </div>
   <div class='ocr_carea' id='block_1_4' title="bbox 1057 4408 1102 4472">
    <p class='ocr_par' dir='ltr' id='par_1_9' title="bbox 1057 4408 1102 4472">
     <span class='ocr_line' id='line_1_40' title="bbox 1057 4408 1102 4472; baseline 0 -26"><span class='ocrx_word' id='word_1_313' title='bbox 1057 4408 1102 4472; x_wconf 71' lang='grc'><strong>1*</strong></span> 
     </span>
    </p>
   </div>
   <div class='ocr_carea' id='block_1_5' title="bbox 0 0 1559 4966">
    <p class='ocr_par' dir='ltr' id='par_1_10' title="bbox 0 0 1559 4966">
     <span class='ocr_line' id='line_1_41' title="bbox 0 0 1559 4966; baseline 0 0"><span class='ocrx_word' id='word_1_314' title='bbox 0 0 1559 4966; x_wconf 95' lang='lat' dir='ltr'><strong> </strong></span> 
     </span>
    </p>
   </div>
  </div>
 </body>
</html>
