3082 4966
528 1229 847 1328 INTRODUCTIO.

616 1441 642 1448 ...
645 1443 658 1447 ...
663 1442 761 1450 --ηι-

99 1625 191 1755 Duo
222 1695 297 1750 sunt
328 1689 488 1774 principia
522 1710 695 1774 processus
718 1689 909 1771 criminalis,
929 1697 1002 1752 sunt
1030 1687 1113 1754 duae
1142 1691 1276 1756 formae.

101 1800 167 1864 Sed
195 1823 256 1865 nec
285 1803 325 1866 de
354 1805 586 1890 principiorum
619 1826 679 1868 neo
714 1803 753 1868 de
782 1805 959 1869 formarum
992 1804 1175 1870 nominibus
1198 1809 1276 1872 satis
1380 1854 1382 1860 ·

101 1909 237 1982 constat,
260 1909 291 1965 et
313 1911 432 1988 quanta
455 1905 496 1966 sit
519 1903 559 1966 de
580 1903 642 1966 hac
664 1925 699 1966 re
722 1904 953 1968 sententiarum
977 1903 1159 1986 diversitas,
1182 1905 1277 1969 facile

100 2001 235 2084 quisque
265 2001 431 2086 intelliget,
461 2004 515 2088 qui
543 2000 643 2066 libros
682 2001 850 2066 doctorum
888 2004 972 2089 juris
1006 2004 1275 2088 peritissimorum

101 2120 140 2160 eo
161 2101 360 2183 pertinentes
382 2101 559 2185 perlegerit
576 2104 610 2186 1),
653 2100 726 2163 Nou
757 2101 860 2164 solum
892 2109 999 2165 autom
1023 2101 1063 2165 de
1085 2100 1277 2182 nominibus,

101 2195 161 2260 sed
191 2200 286 2260 etiam
318 2197 358 2262 de
386 2223 420 2263 re
449 2201 522 2284 ipsa
550 2221 670 2284 magna
712 2207 760 2262 est
789 2199 965 2264 dissensio:
1003 2209 1076 2289 sunt¹
1106 2201 1191 2264 enim
1224 2202 1278 2285 qni
1332 2278 1334 2280 Ι
1360 2261 1364 2277 ,

43 2311 45 2314 ·
102 2297 314 2380 „principium
363 2299 521 2363 officiale“
568 2305 599 2362 et
637 2299 848 2384 „principium
894 2301 1129 2386 inquisitionis“
1179 2321 1276 2363 unum

99 2393 252 2481 idemque
275 2419 345 2460 esse
370 2397 480 2462 dicant
502 2419 606 2482 neque
630 2397 842 2462 differentiam
866 2406 1045 2482 agnoscant
1067 2401 1150 2462 inter
1172 2399 1277 2481 „prin-

100 2493 186 2577 cipia
218 2495 438 2580 dispositionis
468 2505 500 2560 et
527 2497 781 2579 accusationis“;
804 2505 877 2560 sunt
905 2497 977 2578 alii,
1000 2519 1132 2582 quorum
1160 2519 1278 2582 agmen

100 2591 141 2653 H.
151 2593 189 2656 A.
201 2593 227 2656 Z
239 2593 382 2659 aohari
394 2618 439 2660 ae
456 2597 483 2681 ²)
492 2595 541 2657 vir
549 2593 681 2657 illustris
698 2595 795 2675 ducit,
811 2597 865 2680 qui
879 2599 1059 2660 rectissime
1075 2595 1276 2675 dissentiant,

99 2691 259 2775 principio
272 2691 403 2757 officiali
418 2693 611 2778 principium
629 2691 858 2776 dispositionis,
881 2695 1039 2780 principio
1061 2693 1276 2779 inquisitionis

100 2791 340 2854 accusationem
363 2800 572 2876 opponentes.

183 2887 257 2967 Qua
278 2888 318 2951 de
340 2910 375 2952 re
397 2891 593 2974 gravissima
609 2911 706 2974 quum
729 2888 834 2953 adhuc
851 2889 910 2953 sub
929 2889 1040 2978 judice
1056 2891 1094 2954 lis
1118 2891 1167 2970 sit,
1190 2891 1274 2974 equi-

99 2985 173 3048 dem
195 2988 302 3052 neutri
332 2989 418 3072 parti
447 2990 575 3052 omnino
605 2989 763 3052 assentire
785 2990 882 3072 potui.
927 2987 1070 3053 Primum
1092 2997 1209 3053 natura
1229 2989 1274 3051 in-

99 3085 300 3170 quisitionis,
329 3108 488 3171 quaenam
513 3094 615 3168 esset,
637 3088 670 3150 in
693 3087 882 3170 quaestione
912 3087 998 3172 apud
1028 3111 1078 3184 mq
1112 3093 1190 3169 erat,
1212 3109 1275 3172 qua

99 3186 288 3269 quaestione
312 3185 389 3270 quid
410 3187 605 3268 invenerim,
628 3207 699 3249 oum
721 3207 807 3250 nuno
830 3187 955 3271 quidem
980 3188 1188 3272 argumentis,
1210 3187 1274 3272 qui-

97 3283 160 3348 bus
192 3304 272 3368 opus
302 3293 403 3366 esset,
438 3283 588 3370 explicite
621 3283 835 3369 comprobare
870 3307 934 3348 non
961 3287 1101 3370 possim,
1133 3281 1275 3348 breviter

98 3381 293 3447 adumbrare
315 3383 393 3448 mihi
413 3385 519 3450 liceat.
1094 3397 1097 3404 ⁴
1171 3406 1175 3414 *
1221 3401 1223 3411 '

181 3483 256 3546 Jam
283 3484 420 3567 primum
444 3489 585 3564 constat,
614 3483 736 3546 c'rimen
758 3499 830 3546 esse
852 3483 982 3566 nullum,
1003 3485 1066 3547 nisi
1085 3485 1139 3568 jus
1161 3481 1268 3546 laeda-

97 3590 161 3646 tur.
203 3582 224 3646 J
227 3605 262 3646 u
285 3589 393 3646 autem
415 3590 470 3646 aut
500 3581 700 3667 singulorum
721 3581 883 3646 hominum
907 3591 964 3665 est,
987 3581 1072 3668 quod
1092 3581 1207 3645 dicitur
1222 3589 1276 3659 jus

103 3775 326 3785 ——m
342 3774 395 3783 --——·

168 3890 192 3952 1)
210 3891 282 3942 inter
306 3891 373 3956 alios
400 3890 570 3941 conferantur
600 3893 739 3954 Bienor,
770 3893 895 3957 Beitriige
921 3909 943 3944 a.
967 3893 1068 3958 inquis.
1094 3893 1170 3942 Proz.
1202 3893 1273 3941 1827.

98 3991 125 4039 p.
139 3975 217 4036 pq,
231 3973 363 4024 Abhandl.
377 3991 425 4025 aus
439 3973 498 4023 dem
506 3974 603 4024 ueniet
615 3975 661 4025 der
673 3975 861 4040 Reolrtsgesch.
874 3975 909 4026 II.
922 3992 947 4040 p.
962 3977 1009 4026 102
1024 3971 1129 4037 (1848);
1143 3974 1274 4026 Gorichts-

99 4057 156 4108 saal
176 4058 240 4106 1855
261 4057 283 4106 Ι.
302 4073 326 4120 p.
345 4057 492 4118 408—4395
517 4057 553 4105 H.
576 4058 608 4106 A.
635 4057 833 4120 Zachariae,
859 4056 998 4109 Grundliu.
1023 4057 1070 4108 des
1093 4058 1173 4108 Orim.
1200 4059 1276 4110 Proa.

100 4141 165 4188 1837
184 4139 207 4199 ἓ.
224 4141 256 4189 77
275 4139 301 4189 ff.
334 4139 463 4190 Gebreclr.
482 4139 508 4190 d.
529 4139 667 4190 Straivcrt.
689 4141 753 4191 1846
771 4158 796 4206 p.
814 4141 922 4192 23-63.
940 4139 1046 4190 Handb.
1066 4141 1113 4192 des
1132 4139 1273 4206 Straiproc.

101 4223 166 4272 1860
186 4223 207 4272 Ι.
241 4239 267 4286 p.
291 4223 324 4271 lo
346 4249 374 4259 ν
395 4224 437 4272 48.
482 4222 626 4284 ortloff,
658 4223 706 4286 das
730 4222 942 4274 Strafverlahreu
973 4224 1000 4272 in
1024 4223 1117 4273 soinen
1140 4221 1276 4271 leitendcu

98 4305 283 4356 Grundsittaen
300 4304 354 4354 und
372 4305 568 4370 Hauptiormen
588 4305 652 4354 1858
671 4322 696 4369 p.
718 4307 806 4368 1-3a‚
825 4322 851 4371 p.
870 4307 1007 4356 185—211.

165 4389 191 4450 2)
210 4387 359 4438 Hsndbuch
379 4389 402 4438 1.
420 4404 446 4452 p.
464 4391 505 4440 41.
523 4405 547 4437 n.
566 4390 589 4438 2.

1062 4479 1079 4536 l
