3082 4966
580 383 783 446 ..27-

248 565 262 624 l
288 560 327 624 de
349 563 513 648 fugitivis3
536 561 553 624 l,
578 566 593 624 1
618 562 653 628 O.
676 561 733 628 Th.
758 563 786 643 7,
809 563 847 626 18
870 562 910 626 de
932 562 1169 643 desertoribus3
1192 561 1208 624 l.
1235 561 1273 624 10

246 661 281 724 Ο.
307 663 334 742 1,
355 659 430 724 4de
455 660 630 746 episcopali
646 660 828 741 audientia3
851 661 870 728 l.
894 662 912 724 7
935 661 969 726 O.
994 664 1020 741 1,
1041 661 1083 724 55
1099 660 1138 723 de
1162 661 1273 724 deten-

248 756 382 822 soribus.
425 759 506 826 Nou.
538 758 699 822 Valentin.
730 762 776 824 111
808 761 854 823 111.
876 761 934 842 223
958 761 976 826 1.
1003 761 1038 822 11
1062 761 1098 824 Ο.
1123 761 1149 836 1,
1170 758 1212 824 40
1233 757 1272 820 de

247 857 330 920 offic.
353 857 501 922 Rectoris
523 858 740 942 Provinciae).

502 1148 822 1159 m

182 1322 324 1410 Jamjam
356 1321 398 1386 ad
429 1321 509 1386 alias
540 1346 656 1388 causas
687 1325 895 1410 pervenimus
926 1320 1021 1410 quarn
1055 1325 1198 1388 maxima
1230 1325 1276 1387 in-

99 1423 245 1484 tentione
268 1421 487 1508 dignissimas,
509 1421 563 1486 ubi
586 1445 648 1486 uno
673 1423 851 1506 eodemque
875 1423 999 1508 judicio
1022 1421 1277 1486 liberaaccusa-

99 1521 146 1582 tio
172 1519 291 1604 judicis
321 1521 428 1584 officio
460 1521 656 1606 suppleatur,
687 1520 741 1584 ubi
780 1523 974 1610 principium
1001 1522 1205 1585 necessitatis
1239 1541 1276 1582 co

98 1618 172 1681 loco
204 1627 371 1702 appareat,
404 1641 466 1704 quo
496 1617 715 1703 dispositionis
751 1619 943 1704 principium
978 1641 1078 1704 usque
1111 1618 1153 1682 ad
1181 1619 1277 1681 finem

99 1717 309 1801 pervenerit:
332 1717 370 1780 iis
393 1739 476 1802 quae
494 1717 623 1802 justitia
653 1719 796 1802 requirat
816 1739 880 1781 non
898 1718 967 1802 jam
991 1717 1139 1781 sufficere
1162 1717 1274 1780 visum.

188 1817 221 1898 1)
266 1822 441 1882 Uolumnia.
482 1814 625 1902 Eosdem
642 1813 779 1900 judices,
808 1817 916 1900 itaque
939 1814 1052 1878 eodem
1070 1813 1203 1900 judicio,
1226 1816 1280 1900 qni

102 1914 145 1976 de
167 1935 267 1977 causa
288 1912 460 1998 principali
482 1920 723 1996 cognoscerent,
755 1913 851 1976 etiam
876 1911 916 1975 de
939 1913 1138 1976 accusatoris
1161 1913 1278 1975 calum·

101 2013 158 2074 nia
186 2013 378 2075 sententiam
410 2009 539 2089 tulisse,
571 2010 693 2094 primus
722 2007 837 2074 Cicero
875 2014 947 2098 (pro
976 2013 1094 2076 Roscio
1124 2013 1279 2074 Amerino

103 2131 130 2175 c.
158 2109 213 2192 20)
246 2109 446 2190 testificatur,
478 2109 599 2192 primus
628 2109 913 2174 Herrmannus
932 2114 957 2194 ¹)
987 2111 1036 2172 vir
1068 2110 1201 2174 illustris
1233 2111 1281 2192 (in

103 2207 332 2272 dissertatione
354 2207 406 2273 De
429 2205 657 2288 abolitionibus
690 2208 859 2272 criminum
895 2208 975 2271 1834
1007 2231 1038 2293 p.
1059 2207 1114 2289 20)
1137 2207 1280 2271 animad-

102 2307 211 2370 vertit.
254 2305 328 2385 Qua
358 2304 398 2370 de
429 2327 464 2369 re
494 2327 589 2370 nemo
618 2305 810 2370 luculentius
834 2329 932 2392 agere
954 2313 1070 2391 potest,
1093 2329 1187 2391 quam
1213 2306 1280 2390 egit

103 2395 294 2471 Marcianus
306 2407 338 2468 in
354 2403 436 2468 libro
455 2404 613 2492 singulari
628 2401 669 2466 ad
688 2403 808 2468 SOtum
820 2404 1043 2489 'l'urpilianum
1060 2405 1126 2488 (1.1
1149 2408 1175 2486 ξ.
1192 2403 1212 2466 3
1231 2405 1273 2466 D.

103 2505 156 2585 48,
179 2505 217 2568 16
239 2503 267 2568 h.
291 2509 337 2590 t).
374 2503 606 2586 „Nonutique
628 2500 715 2582 dicit,
738 2504 793 2587 qui
814 2524 879 2566 non
900 2501 1016 2588 probat
1037 2501 1122 2588 quod
1143 2501 1278 2566 intendit

104 2605 254 2689 protinus
284 2601 474 2666 calumniari
503 2601 649 2682 videtur3
682 2623 755 2664 nam
785 2601 856 2686 ejus
885 2602 934 2664 rei
961 2601 1125 2686 inquisitio
1146 2605 1279 2664 arbitrio

105 2711 319 2785 coquoscentis
341 2700 558 2778 committitur,
588 2701 643 2786 qui
663 2722 718 2763 reo
749 2697 896 2763 absoluto
919 2698 959 2762 de
983 2701 1180 2763 accusatoris
1202 2699 1279 2761 inci·

105 2803 155 2888 pit
176 2801 309 2868 consilio
332 2806 712 2886 quaerere‚quan1ente
746 2798 861 2861 ductus
883 2799 925 2862 sd
948 2800 1185 2862 accusationem
1208 2819 1279 2882 pro-

106 2902 236 2968 cessit“.
278 2899 313 2964 Si
343 2907 450 2964 autem
483 2899 516 2961 in
554 2897 698 2961 evidenti
720 2896 892 2973 ,calumnia
920 2918 993 2960 eum
1023 2893 1282 2980 deprehenderit,

107 3001 311 3086 pronuntiat:
335 2998 568 3081 „calumniatus
601 3003 676 3079 es“3
707 2997 868 3062 calumnia
895 3019 960 3060 non
993 2995 1121 3058 detecta
1143 3016 1279 3079 pronun-

107 3101 184 3162 tiat:
219 3119 302 3180 „non
331 3094 507 3184 probasti“.
551 3096 741 3178 „Oa-lumnia
778 3117 816 3159 eo
845 3103 990 3180 tempore
1018 3093 1161 3158 coerceri
1191 3092 1282 3172 solet,
1363 3098 1364 3101 ’

109 3219 174 3283 quo
196 3196 236 3260 de
259 3217 358 3260 causa
380 3196 461 3278 (scil.
482 3195 677 3282 principali),
699 3203 871 3280 praesente
894 3199 1092 3274 accusatore,
1110 3190 1286 3277 judicatur.

109 3297 230 3360 Postea
261 3317 356 3380 quam
379 3295 419 3359 de
451 3317 551 3360 causa
582 3294 761 3380 judicatum
794 3302 851 3375 est,
877 3300 990 3356 contra
1019 3291 1287 3354 consuetudinem

111 3394 305 3460 calumniam
329 3396 526 3458 accusatoris
558 3393 665 3478 puniri
696 3393 882 3456 desideras
904 3392 1072 3476 rescripsit
1098 3388 1287 3454 Alexander

114 3497 259 3561 Severus
282 3491 316 3576 (1.
340 3495 355 3558 1
379 3493 413 3558 C.
436 3493 463 3572 9,
485 3494 526 3556 46
549 3491 589 3556 de
611 3489 854 3575 calumniator).
885 3491 1014 3555 Arctius
1038 3488 1100 3552 duo
1123 3485 1178 3551 illa
1200 3489 1284 3570 prin-¹
1338 3477 1342 3484 ⁸

115 3593 203 3680 cipia
224 3591 379 3678 conjungi
400 3613 464 3656 non
485 3599 666 3678 potuerunt,
695 3590 787 3676 cujus
818 3591 865 3654 rei
896 3611 995 3654 causa
1023 3587 1118 3652 facile
1140 3585 1288 3671 intelligi·

113 3701 175 3760 tur.
217 3689 363 3758 Moribus
385 3689 548 3755 dissolutis
569 3687 671 3754 libera
694 3691 834 3752 omnium
857 3686 1034 3752 accusandi
1054 3691 1200 3771 potestas
1222 3707 1287 3748 ma-

112 3793 219 3880 jorem
242 3791 397 3856 falsarum
419 3797 451 3853 et
482 3787 752 3853 calumniosarum
785 3787 1028 3850 accusationum
1049 3805 1216 3848 numerum
1241 3805 1289 3846 sc-

117 3913 189 3956 cum
211 3891 297 3956 ferre
319 3888 411 3970 solet,
430 3904 536 3972 ‘quam
567 3907 650 3972 quae
681 3907 745 3949 non
767 3886 906 3970 quietem
931 3881 1129 3968 reipublicae
1151 3879 1288 3946 turbent.

117 3991 190 4054 Non
209 3990 278 4074 jam
301 3987 420 4050 sufficit
441 3985 622 4049 calumniae
653 4005 735 4069 quae
766 3992 797 4048 et
823 3985 896 4069 ipsa
924 3979 1123 4045 calumniosa
1153 3980 1289 4044 forsitan

189 4313 213 4375 1)
231 4311 350 4364 Assentit
366 4309 470 4362 Platn
480 4325 522 4372 er,
540 4307 709 4374 quaestiones
722 4306 755 4356 ds
766 4304 826 4370 Jurs
836 4283 976 4355 criminum
986 4303 1104 4354 Romano
1117 4302 1180 4352 1842
1194 4317 1218 4366 p,
1234 4303 1290 4352 180.
