3082 4966
604 351 810 414 ..29-

85 527 238 612 judiciis
257 530 281 611 ¹)
303 549 367 592 non
388 550 475 592 mors
499 532 696 594 accusatoris
719 550 823 616 neque
847 533 894 595 rei
917 531 1100 598 abolitionis
1122 539 1233 620 petitio
1250 541 1285 622 ²),

99 626 165 688 sed
184 627 304 711 judicis
327 627 492 692 arbitrium
522 638 627 692 uuum
660 629 806 693 finiretur
828 653 868 694 an
891 633 1132 697 continuaretur
1154 657 1282 718 proces·

99 749 163 790 sus
187 725 366 790 decidebat.

254 823 283 888 b.
327 825 362 888 Si
383 834 553 890 accusator
575 825 783 890 abolitionem
805 829 965 912 privatam
988 829 1077 912 petit,
1100 833 1283 914 suspicatur

98 933 214 986 autem
232 923 345 1008 judex,
370 946 452 1005 „non
474 926 556 988 citra
585 925 808 1008 depectionem
839 925 873 988 id
894 929 972 1006 lieri,
996 927 1052 990 sed
1075 929 1280 994 manifestum

96 1045 195 1085 reum
219 1021 408 1106 depectione
431 1023 595 1088 celebrata
624 1022 750 1106 legibus
773 1023 925 1102 subtrahi,
944 1024 1120 1088 redemtae
1143 1028 1281 1091 misera·

97 1123 200 1184 tionis
231 1143 295 1183 vox
323 1123 453 1184 mimine
484 1121 679 1202 admittatur,
708 1122 764 1186 sed
804 1123 959 1187 adversus
989 1134 1160 1189 nocentem
1190 1147 1279 1192 reum

95 1221 309 1304 inquisitione
333 1219 420 1282 facta
440 1241 546 1304 poena
566 1231 753 1303 competens
776 1227 962 1286 exseratur*
1192 1230 1193 1234 ’

252 1322 269 1383 l.
293 1323 309 1382 1
333 1319 368 1386 Ο.
392 1319 450 1382 Th.
474 1319 500 1382 9.
523 1319 563 1384 37
586 1318 771 1399 ds.abclit.3
796 1319 1008 1386 1211111.
1032 1321 1132 1400 att.

97 1419 241 1482 Etiamsi
275 1419 458 1482 accusatori
486 1417 643 1483 desistere
673 1417 724 1480 hic
746 1439 809 1482 non
832 1420 1031 1502 permittitur,
1053 1428 1161 1484 tamen
1185 1423 1277 1486 aliter

96 1520 239 1602 cogitari
262 1539 325 1582 non
347 1525 456 1602 potest
478 1517 675 1580 continuatio
691 1536 873 1598 processura,
896 1539 990 1601 quam
1015 1517 1056 1581 ab
1077 1521 1148 1602 ipso
1166 1521 1277 1606 judice

95 1617 266 1702 perducta.
307 1619 558 1680 Accusationem
580 1616 724 1699 sequitur
743 1613 863 1698 judicis
886 1615 1036 1684 officium.

181 1720 217 1799 4)
258 1718 405 1781 Durante
436 1717 629 1800 cognitione,
663 1715 691 1776 si
712 1735 795 1778 reus
825 1712 913 1778 aliud
943 1718 1066 1780 crimen
1095 1707 1277 1798 committit,

88 1815 198 1900 judex
221 1815 261 1878 de
281 1823 416 1900 utroque
439 1835 503 1877 uno
526 1813 703 1897 eodemque
715 1812 839 1897 judicic
862 1816 1056 1878 sententiam
1079 1815 1165 1878 ferre
1183 1815 1275 1900 jube-

93 1924 149 1976 tur
172 1917 205 1976 in
228 1914 246 1979 l.
271 1914 309 1976 13
330 1914 371 1979 1).
393 1911 443 1992 48,
462 1912 482 1974 3
505 1910 544 1974 de
569 1910 716 1975 custodia
736 1933 875 1984 reorum.

176 2013 213 2098 ti)
255 2012 397 2076 Crimine
413 2012 483 2096 jam
499 2010 669 2094 injudicio
692 2010 830 2074 deducto
852 2011 1002 2075 facilene
1026 2011 1139 2076 crebre
1155 2017 1272 2096 evenit,

96 2119 132 2173 ut
153 2131 228 2174 rens
251 2108 337 2174 aliud
361 2109 465 2172 scelus
495 2118 702 2194 perpetrasse
736 2107 919 2193 detegatur,
950 2132 1043 2194 quam
1068 2113 1158 2196 cujus
1181 2135 1274 2176 accu-

92 2217 185 2272 satus
208 2209 258 2288 sit,
283 2217 338 2271 aut
359 2215 489 2291 praeter
509 2207 552 2288 id,
575 2228 636 2292 quo
657 2208 786 2270 nomine
810 2208 850 2272 sit
880 2217 1061 2287 accusatus,
1085 2209 1149 2272 alia
1170 2209 1212 2272 ab
1235 2233 1273 2274 eo

94 2311 270 2370 commissa
286 2327 357 2370 esse
373 2315 561 2391 appareant.
584 2305 817 2384 Quaestionum
832 2315 1061 2390 perpetuarum
1078 2316 1184 2372 aetate
1198 2329 1273 2374 reus

92 2408 126 2469 in
150 2405 335 2492 hujusmodi
357 2408 470 2469 causis·
487 2403 611 2468 absolvi
634 2403 783 2484 debebat,
805 2413 919 2489 postea
948 2413 1055 2468 autem
1076 2405 1137 2468 hoc
1158 2409 1271 2470 immu-

91 2513 196 2568 tatum
225 2515 281 2568 est.
325 2505 407 2568 Nam
441 2503 523 2568 false
563 2502 676 2565 credat
705 2506 792 2589 quis,
819 2503 1050 2588 posterioribus
1071 2504 1270 2590 temporibus

90 2604 203 2666 talium
221 2606 389 2668 criminum
412 2603 670 2688 persecutionem
683 2602 813 2688 judices
836 2621 936 2687 usque
961 2603 1001 2665 ad
1024 2625 1141 2668 novam
1158 2625 1267 2668 eorum

91 2705 331 2768 accusationem
355 2702 526 2769 distulisse.
569 2701 670 2786 Cujus
692 2703 740 2764 rei
761 2700 838 2764 mihi
859 2699 941 2764 haec
967 2710 1041 2765 sunt
1074 2703 1269 2772 testimonia.

91 2804 254 2886 imprimis
276 2802 405 2865 Plinii
440 2801 594 2886 epistolae
623 2801 661 2881 V,
689 2802 710 2862 4
737 2808 769 2863 et
801 2801 849 2881 13,
890 2799 1008 2884 Legati
1044 2800 1266 2864 Vicetinorum

88 2905 122 2966 iu
147 2908 262 2964 senatu
283 2899 438 2984 deceptos
470 2921 504 2962 se
535 2921 606 2962 esse
635 2921 694 2984 per
715 2887 891 2963 Tuscilium
914 2899 1132 2978 Nominatum,
1154 2902 1205 2984 qui
1228 2902 1266 2964 iis

90 3008 204 3064 contra
227 2999 395 3064 Sollertem
420 2998 579 3078 adfuerat,
601 3000 705 3082 questi
733 3007 816 3078 sunt,
838 3000 922 3062 inter
944 3019 1025 3082 quae
1049 3000 1144 3061 etiam
1168 2998 1267 3064 advo·

89 3107 163 3162 cato
193 3119 346 3183 magnum
378 3105 491 3160 contra
523 3096 627 3180 legem
662 3095 808 3160 Cinciam
837 3097 1015 3180 praemium
1046 3117 1102 3158 ecs
1136 3095 1264 3160 dedisse

89 3197 204 3260 illuxit.
246 3197 319 3258 Hoc
342 3203 508 3279 comperto
533 3195 641 3257 statim
663 3192 771 3278 Lepos
785 3204 925 3278 praetor,
946 3205 981 3258 ut
1003 3196 1196 3259 Nominatus
1220 3199 1265 3260 in·

89 3294 270 3376 duceretur,
292 3294 476 3380 postulavit.
501 3292 653 3358 Inductus
677 3299 746 3354 est:
769 3293 857 3376 „egit
871 3293 941 3376 ipse
963 3315 1021 3378 pro
1044 3315 1078 3356 se
1103 3294 1189 3358 nullo
1213 3315 1263 3358 ac-

89 3399 252 3457 cusante“.

170 3493 207 3555 In
229 3492 361 3554 crimine
391 3490 540 3553 adulterii
562 3489 666 3582 judex
698 3486 838 3552 debebat
866 3491 1037 3574 inquirere,
1059 3513 1100 3553 an
1122 3491 1259 3554 maritus

88 3587 203 3675 pudice
226 3591 338 3654 vivens
360 3581 634 3674 mulieri'quoque
656 3587 759 3650 bonos
782 3607 888 3650 mores
910 3585 1038 3651 colendi
1060 3595 1173 3650 auctor
1194 3590 1261 3651 fue-

87 3691 144 3769 rit3
168 3709 266 3774 quare
289 3687 436 3751 accidere
464 3695 602 3770 poterat,
630 3695 664 3750 ut
694 3693 725 3749 et
747 3686 796 3748 vir
820 3685 1037 3765 damnaretur,
1061 3683 1145 3768 quod
1168 3683 1263 3748 dccet

87 3902 334 3912 -ω--ι--η

151 4040 175 4102 1)
192 4042 259 4092 Nam
278 4041 362 4090 solum
379 4041 407 4090 iu
426 4038 566 4090 titulove
582 4037 695 4100 publicis
709 4035 818 4098 judiciis
842 4034 892 4082 huc
910 4033 1009 4082 dictum
1028 4034 1171 4085 invenitur.

150 4122 176 4186 2)
193 4123 211 4174 l.
230 4125 245 4172 3
263 4123 320 4182 §.l
337 4123 370 4174 D.
388 4123 429 4182 48,
447 4123 462 4173 2
480 4121 512 4170 de
528 4135 614 4170 accus.
650 4119 738 4170 Etiam
757 4121 867 4168 absente
890 4122 1046 4167 accusatore
1060 4115 1190 4178 judicium
1209 4131 1257 4180 per

86 4209 266 4270 exceptionem
282 4205 394 4255 adfinem
413 4203 521 4268 perduci
538 4218 624 4267 posse,
643 4201 799 4254 testificatur
816 4202 844 4252 iu
858 4198 983 4250 adulterii
1003 4199 1112 4248 crimine
1128 4199 1148 4248 l.
1170 4199 1206 4260 19,
1226 4197 1255 4248 C.

85 4291 109 4350 9,
126 4289 140 4337 9
157 4288 190 4338 ad
208 4288 257 4353 leg.
276 4287 331 4338 Jul.
350 4287 384 4336 ds
400 4285 482 4336 adult.
502 4283 549 4336 cir.
569 4284 662 4336 Geth.
682 4285 738 4334 eat.
761 4285 818 4332 595.
