3082 4966
724 300 907 364 ..8-

231 482 366 548 tentinm
386 503 497 546 veram
521 503 592 548 esse
614 483 807 546 confirment
827 481 983 546 nonnulle.
1003 481 1197 565 fragmenta.
1219 479 1333 542 Refert
1349 477 1422 539 Pa-

232 579 399 664 pinianus:
1211 603 1214 609 ·

379 677 397 740 l.
419 679 458 742 21
482 685 512 762 ξ.
534 682 550 742 1
575 680 614 744 Ι).
636 677 665 741 h.
687 688 707 742 t.
729 680 779 760 29,
799 679 827 742 5.

234 777 368 862 „Neptis
390 799 472 862 quae
494 778 734 861 possessionem
762 778 856 842 aviae
888 778 1026 862 petierit,
1049 784 1186 842 mortem
1208 775 1289 860 ejus,
1310 775 1417 836 inter-

232 875 351 940 fectam
373 877 491 955 sciens,
511 897 576 938 non
598 874 826 959 defenderet“3
848 878 924 940 item
939 876 1060 940 Paulus
1083 876 1102 938 Ι.
1124 875 1165 937 22
1188 873 1257 936 eod.
1276 878 1309 958 ¹).
1332 873 1420 937 Evi-

146 1041 149 1048 ⁴
235 973 362 1037 dontius
385 981 491 1037 autem
527 973 571 1036 nil
607 996 677 1036 esse
710 983 816 1058 potest
846 997 942 1059 quam
974 975 1087 1039 Severi
1119 983 1150 1035 et
1178 971 1333 1035 Antonini
1368 993 1425 1032 rc-

236 1074 390 1156 scriptum
412 1072 430 1134 Ι.
454 1076 470 1138 1
494 1071 530 1136 O.
551 1072 580 1136 h.
602 1080 623 1136 t.
645 1073 673 1152 6,
696 1074 743 1136 35.
777 1078 819 1157 (a.
850 1098 879 1160 p.
903 1073 976 1138 Chr.
998 1073 1084 1156 204),
1115 1073 1207 1156 cujus
1234 1069 1314 1133 haec
1337 1079 1420 1132 sunt

233 1170 352 1234 verba:
396 1169 572 1251 „Heredes
593 1193 672 1255 quos
694 1195 806 1236 necem
830 1174 993 1237 testatoris
1015 1171 1149 1235 inultam
1172 1171 1319 1234 omisisse
1335 1189 1417 1230 con-

235 1271 360 1350 stiterit,
381 1270 504 1332 fructus
527 1269 670 1354 integros
694 1280 852 1354 cogantur
873 1270 1010 1334 reddere
1062 1269 1175 1354 Neque
1198 1268 1284 1330 enim
1304 1265 1418 1328 bonae

235 1368 311 1432 fidei
335 1391 540 1452 possessores
570 1376 644 1434 ente
681 1371 935 1433 controversiam
963 1369 1085 1432 illatam
1118 1366 1270 1430 videntur
1299 1365 1418 1442 fuisse,

237 1469 290 1551 qui
307 1472 443 1530 debitum
460 1473 595 1548 officium
606 1475 733 1546 pietatis
749 1469 887 1532 scientes
904 1468 1089 1532 omiserint“
1107 1467 1180 1550 (cfr.
1195 1465 1214 1528 l.
1229 1467 1249 1528 6
1265 1463 1300 1531 O.
1317 1463 1418 1545 eod).

318 1563 384 1628 Sed
405 1586 470 1628 non
487 1565 556 1649 jein
580 1565 659 1628 sotis
682 1573 820 1641 constet,
841 1589 933 1652 quem
958 1566 1116 1631 adfinem
1139 1562 1276 1627 heredes
1299 1583 1416 1626 servos

236 1665 405 1728 tormentis
433 1663 563 1728 tradere
603 1662 782 1731 debuerint.
825 1664 1030 1730 Concurrunt
1061 1662 1145 1726 duee
1179 1683 1297 1725 causae
1329 1660 1416 1745 juris

237 1762 332 1826 valde
355 1761 520 1843 diversae3
543 1784 607 1826 une
639 1771 790 1847 spectans
820 1762 862 1828 ad
890 1761 935 1826 nil
956 1784 1050 1847 quam
1073 1783 1212 1846 poenam
1235 1779 1416 1837 servorum,

238 1859 323 1945 quod
345 1882 457 1944 perum
481 1883 539 1944 pro
562 1859 684 1924 domini
706 1861 809 1926 salute
833 1862 1034 1947 vigilassent,

384 1957 788 2042 leDnLQu

239 2055 269 2121 ei
291 2056 445 2120 auxilium
468 2057 554 2120 ferre
577 2058 771 2139 omisissent,

389 2155 509 2219 Paulus
532 2154 563 2220 S.
587 2157 645 2235 ΙΙΙ,
666 2156 695 2236 5,
718 2157 753 2239 Y,
783 2157 944 2221 Hadriani
965 2155 1155 2239 rescriptum
1179 2153 1199 2233 Ι,
1223 2155 1237 2213 l
1262 2153 1291 2232 ξ.
1311 2148 1352 2212 28
1373 2149 1414 2212 D.

387 2253 470 2336 eod,
492 2253 694 2318 Modestinus
716 2256 748 2318 in
771 2255 790 2321 l.
814 2256 853 2322 19
874 2257 914 2320 D.
936 2257 987 2322 cit.

239 2353 307 2414 vita
335 2373 394 2415 sua
426 2351 548 2416 domini
576 2355 675 2416 vitam
705 2376 770 2416 non
799 2355 1013 2418 redemissent
1043 2350 1178 2436 (Paulus
1209 2350 1228 2412 l.
1259 2369 1284 2410 c.
1318 2352 1346 2428 ξ.
1370 2346 1412 2429 8).

238 2453 331 2518 Dure.
346 2451 537 2516 crudelitate
559 2453 726 2516 incensum
750 2462 799 2517 est
815 2451 1147 2528 Senatuseonsultum
1171 2449 1211 2512 de
1235 2469 1297 2532 quo
1321 2467 1413 2531 gran·

240 2549 323 2617 diter
338 2558 433 2635 etque
448 2552 620 2636 magnifiee
630 2551 768 2636 loquitur
783 2554 964 2632 Tacitus,
980 2550 1093 2615 Annal.
1105 2549 1193 2629 XIV,
1209 2570 1236 2610 c.
1250 2547 1302 2609 42.
1316 2567 1344 2608 o.
1359 2548 1411 2612 44.

323 2649 436 2714 Altera
452 2658 558 2714 autem
582 2673 682 2715 causa
702 2651 797 2714 nobis
814 2652 914 2716 multo
934 2651 1067 2736 majoris
1084 2649 1239 2712 momenti
1253 2653 1311 2725 est,
1333 2665 1413 2730 quae

241 2750 370 2831 profluit
391 2771 433 2812 ex
454 2751 703 2833 praesumtione,
726 2773 837 2814 servos
860 2753 909 2814 ire
929 2750 1062 2835 propria
1078 2749 1249 2833 instigatos
1270 2757 1326 2810 aut
1346 2764 1414 2828 pre-

239 2847 284 2910 tio
315 2847 419 2912 alieno
451 2857 620 2932 corruptos
650 2849 777 2912 facinus
809 2858 1026 2934 perpetrasse,
1056 2855 1144 2912 certe
1176 2843 1303 2930 quidem
1334 2842 1413 2905 scire

241 2948 296 3029 qui
317 2953 568 3030 perpetrassent.
612 2948 724 3032 Itaque
755 2947 834 3011 dicit
860 2947 1062 3012 Modestinus
1095 2943 1126 3027 (l.
1157 2944 1194 3008 17
1224 2945 1265 3006 D.
1295 2941 1344 3018 29,
1363 2939 1412 3024 5);

243 3044 355 3126 ,Prius
378 3045 417 3108 de
440 3067 475 3108 se
492 3045 616 3109 fenrilie
636 3053 808 3130 torquente
829 3056 888 3126 est,
911 3053 943 3110 et
965 3045 992 3109 si
1016 3044 1207 3106 confiteatur
1222 3051 1300 3104 tunc
1320 3041 1411 3101 inter-

241 3152 382 3228 rogetur,
406 3164 467 3228 quo
490 3144 664 3208 mandante
686 3145 844 3228 flagitium
868 3144 1043 3208 admissum
1068 3143 1140 3220 sit“,
1163 3149 1194 3204 et
1217 3137 1316 3202 addid
1337 3137 1413 3198 Peu-

241 3243 290 3306 lus
319 3241 366 3325 (S.
395 3243 453 3322 ΙΙΙ,
480 3242 510 3306 5.
540 3248 570 3324 ξ.
600 3246 671 3325 12);
715 3243 807 3325 „Etsi
831 3265 1006 3328 percussor
1037 3250 1144 3304 certus
1174 3241 1224 3319 sit,
1245 3247 1355 3300 temen
1376 3236 1412 3297 de

242 3341 366 3404 familie
387 3338 538 3406 habenda
561 3359 611 3406 est
633 3344 789 3426 quaesti0,
810 3352 844 3405 ut
866 3341 975 3406 caedis
997 3338 1167 3403 mandator
1188 3337 1328 3404 inveniri
1347 3356 1413 3419 pos·

244 3441 303 3504 sit“
325 3441 396 3523 (cfr.
417 3440 537 3504 Paulus
559 3441 589 3504 h.
608 3441 627 3508 Ι.
649 3445 677 3522 ὅ.
701 3444 749 3506 ll.
793 3440 865 3526 Ulp.
888 3442 905 3504 Ι.
931 3445 946 3504 l
971 3447 1001 3522 ἓ.
1023 3439 1064 3503 25
1086 3440 1127 3504 D.
1149 3437 1200 3518 29,
1220 3435 1272 3520 5.).

326 3539 388 3602 Per
420 3541 641 3624 quaestionem
672 3539 783 3604 caedis
815 3548 926 3604 auctor
958 3536 1217 3623 „inquirebatur“
1249 3535 1335 3619 (Uip.
1359 3533 1411 3596 ΙΙ

243 3644 271 3720 ἓ.
293 3637 334 3702 25
356 3640 397 3702 D.
428 3637 533 3723 θοὰ),
556 3638 693 3702 heredes
716 3638 859 3704 debitum
895 3645 1034 3720 officium
1063 3644 1141 3701 illud
1166 3675 1207 3683 -
1239 3637 1356 3698 aeriter
1383 3640 1414 3697 ut

246 3741 291 3802 ait
312 3740 510 3824 Papinianus
534 3738 568 3824 (Ι.
590 3741 628 3804 21
653 3743 679 3820 ξ.
702 3740 722 3802 2
743 3740 784 3802 D.
806 3741 856 3820 29,
878 3739 923 3823 5,)
948 3737 1134 3822 -implere
1158 3733 1336 3816 debebant3
1358 3755 1412 3817 quo

246 3840 366 3902 omisso
389 3859 459 3901 cum
483 3845 617 3900 mortem
640 3860 818 3923 necemque
841 3837 1013 3920 „inultan1“
1036 3835 1243 3922 reliquissent

317 4245 344 4310 1)
361 4247 408 4298 cfr.
426 4247 444 4297 Ι.
463 4249 479 4297 5
497 4248 520 4308 §-
538 4249 562 4311 9,
580 4247 597 4296 l.
616 4249 648 4297 23
666 4263 704 4312 pr.
722 4247 758 4296 D.
776 4247 809 4296 de
825 4244 886 4310 jure
903 4247 1006 4309 petron.
1024 4245 1065 4306 st,
1087 4245 1126 4292 14.
