3082 4966
589 395 793 458 ..δὶ-

103 595 174 636 rum
208 573 330 657 aliquis.
372 572 468 652 erod
503 597 564 638 non
594 579 673 640 satis
701 573 924 638 illustrandum
955 581 1022 654 est,
1051 576 1113 638 nisi
1145 574 1278 658 singulis

103 672 222 749 causis,
253 694 385 755 quarum
420 673 526 739 fontes
554 674 656 738 nostri
687 675 883 738 mentionem
914 673 1045 752 faciunt,
1076 674 1281 753 enumeratis,

104 792 302 855 quamquam
321 771 470 858 (exempla
486 775 592 856 magis
610 793 683 835 esse
699 771 860 848 videntur,
882 793 942 834 nec
958 783 1046 834 certe
1069 774 1175 838 carnia
1199 773 1283 854 ejus-

104 869 195 932 modi
216 873 389 936 continent.

185 967 239 1030 Ex
259 969 361 1052 ipsius
383 969 432 1030 rei
455 975 569 1032 natura
600 971 752 1053 sequitur,
783 979 815 1032 ut
839 969 996 1052 praefecti
1019 967 1099 1046 urbi,
1121 962 1290 1052 praefecti¹

101 1069 277 1150 praetorio,
287 1065 400 1151 quibus
409 1069 572 1152 principes
581 1067 757 1151 pleniorem
771 1066 812 1130 ud
821 1065 1165 1151 disciplinaepublioae
1174 1087 1280 1128 emen·

101 1164 266 1230 dationem
286 1165 446 1228 licentiam
464 1165 620 1233 dederant
633 1166 667 1250 (l.
686 1170 698 1229 1
722 1189 768 1250 pr.
787 1167 824 1230 D.
841 1169 867 1245 1,
883 1166 902 1228 0
918 1165 957 1228 de
975 1165 1024 1228 off.
1038 1165 1140 1249 praef.
1156 1169 1280 1250 praet),

100 1265 258 1348 imprimis
281 1273 386 1327 autern
409 1264 577 1348 praesides
598 1267 838 1350 provinciarum
861 1265 980 1328 exinde
1001 1263 1061 1328 hac
1084 1265 1276 1328 auctoritate

100 1365 250 1426 instructi
272 1365 343 1428 sint.
385 1363 605 1445 Magistratus,
629 1362 754 1447 quibus,
776 1372 810 1426 ut
831 1363 876 1426 ait
901 1363 1056 1446 Ulpianus
1079 1363 1111 1424 in
1135 1363 1152 1428 l.
1177 1362 1214 1424 13
1231 1383 1278 1445 pr.

101 1462 143 1526 D.
168 1464 194 1540 1,
220 1459 257 1522 18
279 1459 320 1524 de
341 1463 391 1525 off.
414 1483 519 1545 praes.
542 1483 630 1545 prov.
653 1462 725 1542 (cfr.
742 1461 862 1524 Paulus
885 1461 904 1526 l.
926 1460 1048 1544 3eod.)
1072 1481 1186 1526 curare
1202 1481 1276 1524 con-

101 1560 197 1642 gruit,
219 1568 254 1628 ut
269 1569 386 1644 pacata
402 1567 497 1644 atque
519 1562 627 1645 quieta
643 1561 810 1644 provincia
826 1561 876 1639 sit,
899 1557 982 1642 quod
998 1581 1061 1622 non
1078 1558 1208 1622 difficile
1226 1556 1279 1619 ob-

99 1655 259 1738 tinebunt,
281 1660 308 1722 si
324 1659 459 1723 sollicite
476 1668 584 1744 agant,
608 1667 641 1722 ut
663 1657 756 1720 malis
773 1656 954 1722 hominibus
976 1657 1145 1741 provincia
1161 1665 1281 1733 careat,

101 1777 220 1840 eosque
244 1754 443 1841 conquirant,
465 1779 528 1820 uon
551 1757 653 1822 solum
678 1779 772 1841 quam
795 1756 945 1834 maxima,
968 1765 1002 1820 ut
1025 1755 1202 1842 impediant
1218 1757 1277 1822 cri.

99 1855 198 1934 mina,
221 1855 279 1918 sed
302 1855 408 1935 etiam,
430 1865 465 1918 ut
486 1857 659 1918 commissa
680 1857 824 1940 puniant,
855 1853 1003 1936 indigent
1025 1861 1195 1938 potestate.

186 1952 279 2016 Nunc
302 1952 429 2019 demum
452 1953 598 2038 singulas
621 1975 737 2018 causas
759 1951 934 2016 adeamus:

184 2055 216 2136 1)
238 2052 312 2116 Jam
335 2054 413 2116 satis
436 2054 544 2138 prisca
575 2059 680 2116 aetate
713 2052 845 2132 ,favore
873 2051 1084 2134 pupillorum“
1119 2051 1274 2134 praetori·

101 2147 163 2212 bus
195 2158 227 2212 et
248 2149 460 2234 praesidibus
486 2151 673 2235 provinciae
697 2151 752 2234 jus
790 2151 886 2212 ctiam
927 2150 1014 2228 „sine
1051 2150 1275 2214 accusatione“

105 2250 191 2332 (arg.
212 2247 231 2314 l.
252 2249 271 2312 3
294 2253 322 2330 ξ.
342 2252 364 2314 4
384 2250 425 2316 D.
448 2248 498 2329 26,
524 2249 563 2315 10
584 2248 624 2310 de
654 2269 740 2332 susp.
769 2249 879 2330 tutor.)
908 2244 1096 2310 removendi
1126 2259 1279 2326 suspectos

104 2358 222 2410 tutores
244 2345 353 2412 datum
378 2357 448 2412 erat
470 2348 503 2433 (l.
526 2349 542 2410 1
567 2350 595 2427 ξ.
617 2345 636 2408 3
659 2347 700 2409 D.
722 2345 817 2430 eod).

185 2447 219 2526 2)
242 2447 618 2530 Sacrateyoeconquirere
644 2443 739 2529 jubet
771 2442 931 2528 Ulpianus
961 2444 1128 2528 praesides
1150 2445 1279 2528 provin-

101 2543 172 2605 ciae
196 2543 229 2625 (l.
252 2543 290 2606 13
311 2565 358 2628 pr.
384 2544 422 2610 l).
445 2545 472 2624 1,
496 2541 534 2606 18
557 2541 597 2605 de
620 2543 670 2609 off.
693 2563 797 2626 praes.
827 2563 935 2626 prou,
958 2541 1017 2609 cfr.
1038 2541 1196 2604 Marciani
1220 2541 1238 2608 l.
1259 2545 1280 2604 4

102 2647 132 2721 ξ.
154 2644 174 2704 2
197 2643 237 2708 D.
258 2641 308 2722 48,
332 2644 369 2704 13
400 2641 440 2704 ad
471 2641 532 2726 leg.
552 2641 615 2708 Jul.
646 2640 840 2724 peculatus).
882 2637 1053 2724 sacrilegii
1082 2648 1189 2704 autern
1220 2643 1279 2704 cri-

102 2763 178 2804 men
200 2748 316 2824 postea
338 2742 440 2804 omnis
464 2761 589 2824 quoque
620 2739 853 2802 haereticorum
878 2739 1064 2822 superstitio
1088 2737 1277 2822 intelligitur

99 2843 186 2924 (arg.
207 2837 226 2906 l.
247 2841 268 2901 4
290 2843 318 2920 ξ.
341 2838 368 2918 8,
389 2838 408 2906 l.
430 2837 449 2901 8
471 2841 541 2918 §.2
563 2837 627 2900 eth
648 2837 684 2904 O.
706 2839 734 2916 1,
755 2837 776 2899 5
798 2836 1046 2919 dehaereticis3
1069 2837 1086 2902 l.
1107 2836 1147 2902 25
1170 2835 1280 2908 O.'l¹h.

100 2935 150 3015 16,
171 2939 191 3000 2
213 2936 253 2999 de
277 2937 462 3022 episcopis),
484 2958 563 3021 quos
578 2935 758 3019 permultae
779 2935 1013 3018 imperatorum
1030 2937 1274 3000 constitutiones

99 3038 236 3120 exsequi
254 3036 447 3120 magitratus
466 3033 599 3120 jubent,
622 3033 817 3120 generaliter
838 3033 979 3117 quidem.

183 3135 362 3210 haereticos
395 3155 569 3218 eorumque
600 3133 889 3218 congregationes:
920 3131 940 3199 l.
961 3135 981 3194 3
1003 3131 1039 3196 O.
1062 3131 1121 3198 Th.
1145 3135 1172 3210 1,
1192 3130 1213 3194 5
1236 3131 1276 3195 de

99 3233 208 3298 officio
229 3233 332 3317 praef.
354 3241 455 3317 praet.
487 3236 586 3315 (anno
617 3231 678 3294 372
709 3253 739 3316 p.
767 3230 875 3314 01η),
898 3230 916 3294 Ι,
938 3233 960 3292 4
981 3229 1053 3298 eod.
1077 3229 1183 3315 (376),
1206 3231 1222 3293 l.
1245 3230 1274 3300 9.

99 3337 130 3412 ξ.
155 3334 171 3394 1
189 3330 225 3399 O.
240 3329 298 3398 Th.
317 3331 364 3410 16,
385 3329 406 3394 5
422 3329 461 3394 de
478 3329 650 3393 haereticis
668 3328 774 3416 (382),
794 3329 811 3392 l.
834 3329 853 3391 6
870 3330 903 3394 O.
921 3327 980 3391 Th.
997 3328 1046 3410 16,
1066 3331 1087 3391 4
1102 3329 1142 3392 de
1156 3328 1205 3392 his
1220 3331 1284 3424 qui·

100 3450 200 3514 super
220 3427 377 3513 religione
399 3426 597 3495 contendunt
618 3425 727 3512 (404),
749 3427 768 3494 l.
789 3426 861 3490 60.
885 3430 911 3506 1,
933 3423 954 3484 ὗ
976 3425 1016 3490 de
1031 3425 1153 3494 haeret.
1168 3425 1258 3511 (436)
1276 3433 1284 3466 ²

99 3527 120 3593 l.
144 3525 164 3588 8
187 3525 223 3590 0.
244 3525 314 3592 eod.
338 3523 445 3610 (462),

184 3624 378 3710 specialiter,
400 3625 427 3688 si
447 3623 647 3690 turbulenter
668 3646 704 3688 se
734 3629 887 3706 agerent:
910 3623 928 3686 l.
949 3623 970 3686 2
991 3626 1021 3703 §-
1042 3625 1062 3686 2
1084 3621 1119 3689 0.
1144 3625 1170 3702 1,
1195 3625 1208 3686 l
1235 3621 1275 3686 de

102 3722 244 3804 Summa,
259 3723 419 3788 Trinitate
443 3720 550 3807 (382),

185 3823 307 3906 scripta
329 3843 439 3885 eorum
460 3821 479 3888 l.
500 3823 521 3885 2
546 3821 580 3886 O.
603 3819 682 3897 eod,

184 3921 430 3986 mathematicos
462 3919 644 3984 haereticos
674 3920 692 3985 l.
723 3917 763 3982 10
793 3917 828 3984 0.
863 3921 889 3996 1,
921 3917 1003 3982 4de
1026 3917 1202 4001 episcopali
1224 3940 1277 3983 au-

102 4020 226 4083 dientia
246 4018 346 4104 (409),

184 4115 394 4181 Manichaeos
417 4117 435 4184 l.
458 4119 494 4179 ll
519 4115 708 4196 O.‘1,5de
732 4114 851 4178 haeret.
876 4115 1008 4199 (saecul.
1031 4113 1101 4197 Vl).
1131 4156 1133 4162 ·

186 4215 239 4277 Ex
261 4213 389 4278 diverso
410 4235 557 4299 paganos
580 4215 598 4278 l.
621 4213 640 4275 9
662 4213 697 4280 O.
721 4216 747 4292 1,
772 4217 807 4276 11
833 4213 872 4276 de
894 4215 1031 4298 paganis
1055 4213 1235 4296 (467-72).
