3082 4966
594 356 799 420 ..20-

61 599 70 614 ,
108 528 351 614 comprobatum
375 554 446 596 esse
468 538 660 600 sententiam
693 543 861 620 putamus:
893 555 1065 598 accusasse
1089 533 1229 596 officium
1249 535 1282 614 ¹).

108 628 161 692 Ad
183 627 240 692 hos
264 638 379 710 autern,
403 633 518 717 quibus
541 658 605 698 non
623 636 692 719 jam
715 655 904 718 persuasum
928 642 985 712 est,
1008 633 1040 694 in
1062 631 1280 716 plenissimum

108 751 300 794 consensum
335 730 544 798 adducendos
576 734 672 798 liceat
704 731 842 815 denique
873 753 914 794 ex
945 731 1104 808 Basilicis,
1133 727 1282 792 Scholiis·

107 848 170 910 quc
186 831 211 909 ²)
243 829 418 918 «Iustiniani
447 829 551 918 legem
590 833 714 910 afferre,
745 828 800 892 ubi
834 830 1025 913 opponitur:
1057 829 1102 908 „at
1130 825 1188 909 pir
1217 822 1282 890 dud

105 923 281 1008 ἀναφορᾶς
318 928 596 1011 δημοσιεύονεων“
639 935 742 1013 (certo
780 951 834 990 cos
884 928 1063 1009 „officium“
1100 925 1282 1008 intelligere

107 1021 277 1106 debemus)
300 1027 371 1109 quis
388 1027 520 1110 judiciis
537 1027 710 1108 deferatur,
733 1030 778 1108 „si
800 1025 834 1090 δὲ
857 1051 903 1102 τις
918 1024 1161 1109 ἐγγραψάμενος
1183 1026 1282 1098 αἴτιος

106 1119 230 1204 ἐγένετο
252 1128 310 1204 τῆς
330 1123 478 1209 ἐνοχης“;
499 1125 552 1190 ille
569 1126 696 1211 quidem
718 1128 787 1188 sine
803 1126 1022 1208 inscriptione,
1043 1123 1095 1186 hic
1118 1122 1198 1208 legis
1215 1121 1282 1184 viu·

107 1221 213 1284 culum
237 1219 377 1286 subcuns
400 1234 541 1288 accusat.
584 1224 674 1290 Idem
697 1225 807 1288 dicunt
829 1224 966 1290 scholia:
991 1219 1050 1304 ,‘0
1071 1224 1133 1306 γὰρ
1155 1227 1283 1296 cosdroe

106 1317 185 1384 οὐδὲ
206 1319 303 1404 ἐγγύη
324 1323 596 1405 carcercareer,
619 1323 676 1388 ἐὰν
690 1323 835 1408 μέντοιγε
856 1320 921 1388 ὑπὸ
942 1328 1007 1388 τῶν
1022 1320 1283 1406 δημοσιευόντων

105 1416 318 1502 κατηγορήθη
340 1465 348 1480 .
370 1471 377 1484 .
401 1468 407 1482 .
431 1467 438 1482 .
461 1424 504 1486 Εἰ
526 1421 560 1486 δὲ
581 1419 623 1505 μὴ
645 1417 710 1488 ὑπὸ
730 1427 796 1491 τῶν
818 1421 1087 1506 δημοσιευόντων,
1112 1417 1193 1486 ἀλλὰ
1215 1417 1282 1484 ὑπὸ

104 1517 215 1582 ἰδικοῦ
236 1517 422 1601 κατηγόρου
444 1518 566 1605 ἐνηχθη
588 1567 595 1582 .
619 1567 626 1584 .
649 1569 656 1583 .
678 1527 704 1584 .“

188 1616 226 1678 11.
270 1621 316 1678 Dc
344 1624 467 1698 reliquis
496 1627 550 1699 qni
576 1626 636 1684 huc
660 1627 819 1698 pertineat
853 1623 1044 1699 officialibus.
1085 1618 1193 1700 Magis
1216 1639 1280 1680 nra-

106 1714 222 1796 gisque
243 1714 404 1776 receditur
421 1714 461 1779 ab
481 1739 519 1779 eo
536 1718 693 1802 principio
710 1716 795 1802 quod
810 1726 874 1782 est:
895 1715 982 1780 nullo
998 1724 1170 1780 accusante
1187 1737 1281 1780 nemo

107 1812 143 1873 fit
164 1834 257 1892 reus3
279 1815 382 1897 magis
406 1817 576 1900 magisque
600 1823 633 1878 ut
666 1815 819 1878 scelerosi
847 1817 877 1878 in
910 1816 980 1899 ipso
1003 1815 1146 1879 facinore
1169 1813 1281 1896 depre-

106 1909 300 1990 hendantur,
322 1909 514 1996 deprehensi
538 1913 669 1998 ,iudiciis
699 1913 868 1977 tradantur
890 1912 1101 1977 contenditur.
1143 1911 1281 1976 Etiamsi

108 2007 282 2072 Geibius
304 2011 354 2072 vir
375 2010 506 2075 illustris
528 2016 572 2096 (p.
594 2011 670 2093 530)
693 2036 712 2075 a
733 2013 869 2076 veritate
884 2012 992 2096 paullo
1015 2009 1169 2074 recedere
1192 2011 1281 2073 vide-

106 2117 168 2186 tur,
190 2106 300 2170 dicens
323 2109 385 2190 „Ja
407 2133 481 2174 man
504 2110 628 2174 scheint
649 2133 746 2196 sogar
767 2110 850 2173 nach
881 2109 946 2172 und
968 2108 1050 2172 nach
1073 2130 1108 2171 so
1132 2110 1205 2170 weit
1227 2131 1281 2191 ge-

106 2229 236 2292 gangen
260 2231 300 2271 zu
323 2213 401 2290 sein,
424 2209 500 2272 dass
515 2231 591 2272 man
612 2205 750 2272 beinahe
772 2207 833 2271 alle
847 2210 1015 2286 Beamtcn,
1036 2205 1179 2269 walchen
1194 2205 1282 2270 nicht

109 2304 211 2367 echon
234 2306 335 2370 selbst
357 2309 428 2371 eine
451 2305 811 2392 Criminaljurisdiction
835 2307 982 2385 zustand,
1004 2305 1056 2369 fur
1078 2305 1282 2390 verpflichtet

112 2403 262 2486 erkliirte,
285 2407 344 2470 auf
362 2405 579 2491 Entdeckung
613 2405 672 2468 der
704 2404 899 2488 Schuldigen
930 2403 980 2466 ihr
1005 2403 1218 2486 Augenmerk
1240 2425 1281 2466 zu

110 2503 235 2568 richteu
257 2503 322 2568 und
343 2505 386 2568 im
409 2503 683 2589 Betretungsfalie
706 2501 872 2568 dieselben
895 2502 946 2566 bei
969 2502 1030 2566 den
1055 2509 1279 2585 competenter

108 2601 284 2666 Geriohten
323 2627 364 2666 zu
393 2603 633 2683 denunciiren“,
664 2611 769 2666 tamen
800 2611 945 2682 constat,
986 2625 1056 2665 eam
1087 2607 1278 2686 potestatem

107 2703 362 2786 magistratuum,
384 2723 479 2788 quam
512 2724 570 2766 nos
602 2701 675 2782 ,dic
706 2699 927 2786 polizeiliche“
951 2700 1160 2785 appellamus,
1182 2698 1279 2761 valde

106 2810 235 2864 auctam
257 2823 338 2863 esse.
381 2803 492 2888 Itaque
521 2802 701 2864 invenimus
731 2799 900 2862 nonnullos
933 2799 1159 2882 magistratus,
1180 2797 1279 2858 omni-

105 2899 167 2964 bus
189 2921 251 2963 uno
274 2899 451 2984 eodemque
467 2901 578 2964 officio
600 2900 759 2984 imposito,
782 2906 816 2962 ut
837 2897 982 2961 homines
1005 2895 1184 2960 scelerosos
1199 2916 1278 2980 quos

105 2996 395 3082 deprehendissent
412 2997 577 3083 judicibus
598 2997 856 3082 competentibus
878 2995 1060 3076 traderent3
1084 2993 1199 3079 quibus
1215 3003 1279 3056 tra·

106 3097 183 3160 ditis
200 3097 329 3181 judices
352 3119 392 3159 ex
414 3095 521 3160 officio
543 3098 711 3184 incipiunt
724 3096 763 3160 de
777 3097 826 3160 eis
849 3115 1056 3179 cognoscere,
1077 3092 1163 3156 nullo
1187 3115 1278 3177 prae-

106 3203 198 3260 sente
221 3204 419 3258 accusatore.
460 3195 554 3275 Quac
576 3217 647 3259 cum
671 3185 717 3260 ita
739 3199 810 3275 sint,
832 3194 1000 3259 confestim
1023 3193 1098 3257 licet
1118 3191 1212 3256 nobis
1231 3192 1276 3255 de

106 3293 155 3356 his
176 3301 324 3357 tractare.

107 3497 275 3510 mm*-
279 3497 387 3508 σιω-ιιι...

175 3625 199 3692 1)
218 3627 313 3692 Itaque
331 3629 398 3678 feisa
415 3644 473 3679 esse
491 3627 597 3678 videtur
624 3629 756 3678 sententia
773 3627 926 3690 Bienori,
945 3630 990 3693 qui
1008 3629 1035 3677 in
1054 3625 1210 3678 Grschichte
1229 3626 1276 3676 des

110 3711 439 3776 inquisitione-Prosenses
458 3727 484 3774 p.
506 3713 543 3771 13,
563 3710 689 3761 Gordiani
715 3711 762 3760 illa
777 3712 966 3761 constitutione
985 3714 1067 3771 nisus,
1087 3711 1169 3760 dicat:
1206 3710 1276 3771 ,Das

108 3794 265 3856 Verfahren,
292 3809 346 3844 was
370 3795 418 3843 auf
440 3795 499 3844 eine
525 3793 614 3844 solche
640 3795 839 3858 eingegungene
861 3794 977 3855 Auzeige
1002 3809 1049 3842 vor
1072 3793 1118 3842 der
1135 3792 1277 3855 Obrigkeit

105 3877 244 3937 anniano,
262 3876 384 3925 bedurfte
403 3876 476 3926 nicht
493 3876 540 3926 der
556 3877 634 3925 Form
653 3877 700 3924 der
727 3877 857 3940 Ankhge,
882 3881 980 3926 museto
1007 3878 1071 3926 aber
1097 3891 1126 3926 so
1143 3875 1218 3926 resch
1236 3875 1275 3924 als

105 3959 221 4022 miiglich
237 3959 426 4020 vorschrciten,
446 3959 513 4008 ohne
530 3959 590 4009 dass
605 3958 702 4022 jedoch
720 3959 771 4008 den
799 3961 1017 4024 eingcgangenen
1036 3957 1176 4008 Berichten
1193 3958 1274 4006 unbe-

106 4043 212 4107 dingtnr
229 4043 331 4094 Glaube
350 4043 469 4106 gewithrt
487 4041 600 4091 wurde“.
636 4043 695 4090 Non
722 4043 809 4091 miuus
837 4041 985 4091 Geibius
1008 4057 1033 4103 p.
1057 4041 1114 4089 528.
1142 4041 1200 4089 sta.
1226 4041 1273 4089 581

106 4125 185 4174 officii
202 4131 322 4176 naturam
340 4142 430 4192 parurn
450 4124 598 4190 intelligere
617 4125 682 4176 mihi
710 4125 815 4190 quidem
840 4125 953 4174 videtur.
990 4125 1030 4174 De
1047 4125 1209 4175 stationariis
1227 4128 1274 4174 ct'r.

106 4210 227 4259 Bienor
244 4209 261 4258 1.
279 4227 294 4257 c
322 4225 346 4274 p.
368 4211 405 4257 li.

173 4289 199 4353 2)
217 4291 233 4344 Ι.
253 4293 268 4342 6
286 4293 308 4353 ἓ.
328 4294 343 4344 4
361 4291 391 4344 C.
410 4293 434 4356 9,
452 4293 468 4344 t
485 4291 517 4344 de
530 4292 651 4345 custodia
668 4308 780 4344 reorum.
