3082 4966
744 333 949 396 *4⁸2...

332 604 392 654 ΙΙΙ.
428 604 476 654 De
489 601 613 660 judicis
630 615 687 652 nee
706 615 775 652 non
793 599 995 652 accusatoris
1013 601 1045 648 et
1062 599 1110 649 ret
1127 595 1159 648 in
1177 597 1373 658 probatione

675 697 849 748 criminum
866 693 1026 756 partibus.

338 824 491 888 Conditio
509 823 630 909 judicis
647 834 679 887 et
698 828 848 910 partium,
871 833 1070 912 quantopere
1087 825 1127 886 sit
1142 823 1320 900 immutata,
1344 841 1440 905 prae-

259 923 368 986 sertim
391 931 545 1007 exparte
574 945 747 1007 processus
780 926 820 988 ad
849 923 1073 1010 probationem
1096 922 1278 1007 pertinente
1301 921 1441 1004 intelligi

257 1030 370 1105 potest.
416 1020 493 1104 Egit
514 1021 554 1083 de
578 1044 617 1084 ea
632 1043 666 1084 re
690 1024 811 1107 optime
829 1022 1002 1087 Gcibius
1021 1025 1055 1107 1),
1077 1023 1184 1105 itaque
1207 1017 1339 1081 brevius
1364 1039 1438 1080 eam

257 1119 414 1186 tractabo.
459 1124 565 1182 Aucta
588 1130 638 1182 est
655 1121 777 1204 judicis
800 1123 975 1186 auctoritas

343 1221 372 1301 1)
392 1242 449 1297 per
471 1225 557 1282 ualde
572 1231 731 1283 ostensum
748 1227 1006 1301 iuterropatt'ouc's
1014 1225 1076 1296 jur,
1099 1237 1160 1300 quo
1173 1215 1248 1299 jure
1264 1213 1296 1275 in
1318 1219 1440 1275 utram·

258 1338 318 1400 que
341 1325 466 1400 partem
489 1317 545 1397 uti,
566 1339 630 1380 non
654 1317 757 1380 solum
779 1319 812 1380 in
829 1341 917 1380 reum
935 1321 961 1402 Ιὶ)
984 1323 1099 1402 potest,
1122 1313 1207 1402 qued
1223 1311 1264 1374 ob
1280 1334 1352 1374 earn
1369 1333 1438 1373 rem

258 1415 299 1477 ad
322 1416 554 1499 inquisitoriam
588 1417 725 1480 formam
758 1439 822 1480 non
852 1415 1059 1480 referendum
1083 1434 1154 1476 esse
1176 1419 1264 1496 puto,
1288 1433 1356 1494 arg.
1377 1409 1440 1476 Ι.2

257 1519 285 1593 ξ.
310 1517 323 1576 1
349 1515 384 1577 O.
408 1513 464 1576 Th.
488 1517 516 1594 9,
540 1514 578 1577 19
601 1515 641 1578 ad
664 1517 770 1600 legem
793 1515 976 1580 Corneliam
1010 1512 1049 1575 de
1072 1511 1164 1575 falsis
1186 1537 1225 1568 ε
1247 1510 1264 1572 l.
1285 1510 1327 1570 22
1349 1509 1386 1575 0.
1409 1507 1438 1573 h.

256 1605 277 1677 i.
299 1613 327 1692 9,
348 1613 398 1692 22,
421 1615 663 1676 constituentis:
688 1614 776 1695 ,Nec
799 1613 982 1677 accusatori
1003 1617 1128 1674 tantum
1150 1607 1294 1692 quaestio
1317 1607 1439 1668 incum-

257 1709 320 1789 bet,
343 1733 401 1773 nec
423 1710 624 1794 probationis
640 1714 669 1775 ei
685 1721 752 1775 tota
766 1713 946 1777 necessitas
962 1711 1133 1788 indicatur,
1153 1713 1204 1770 scd
1217 1715 1300 1769 inter
1313 1718 1439 1769 utram-

257 1833 314 1890 que
331 1818 557 1887 perseuerauit
573 1816 670 1889 judea
686 1818 812 1891 medius,
835 1833 895 1876 nec
911 1810 978 1874 ulla
1000 1808 1245 1872 interlocutione
1261 1827 1344 1890 quae
1366 1827 1439 1868 sen·

255 1909 314 1970 tiet
336 1907 488 1992 divulget,
512 1908 569 1972 sed
590 1918 753 1994 tamquam
778 1909 819 1973 ad
841 1909 1052 1973 imitationem
1074 1905 1259 1984 relationes,
1282 1924 1363 1988 quae
1387 1924 1439 1966 so-

255 2005 321 2068 lum
351 2005 502 2069 audiendi
531 2006 665 2071 mandat
693 2007 855 2088 officium,
882 2005 1040 2094 praebeat
1069 2004 1242 2081 notionem,
1272 2009 1438 2085 postremo

257 2105 418 2167 sententia
450 2105 526 2189 quid
557 2104 620 2168 sibi
642 2105 763 2192 liqueat
783 2107 1000 2191 proditurus“.
1044 2105 1216 2188 lmprimus
1240 2107 1347 2164 autem
1371 2107 1437 2180 „rei

257 2201 465 2286 qualitatem“
488 2202 585 2287 plena
613 2204 819 2289 inquisitione
848 2203 1081 2268 discutiendam
1111 2224 1185 2265 esse
1217 2199 1368 2264 statuisse
1392 2200 1439 2261 vi·
1517 2261 1518 2300 ἦ

257 2299 351 2363 detur
373 2299 391 2362 l.
413 2300 433 2363 9
455 2300 490 2364 O.
513 2300 553 2364 de
571 2300 704 2386 judiciis
734 2304 764 2382 3,
798 2305 868 2387 1³).
910 2302 976 2366 Sed
1008 2299 1153 2387 ejusdem
1178 2298 1260 2382 legis
1280 2295 1383 2360 verba
1405 2298 1437 2359 in
1517 2301 1518 2314 ¹

257 2397 379 2462 Codice
401 2397 628 2462 Theodosiana
651 2399 686 2482 (l.
708 2404 723 2463 1
749 2400 775 2463 h.
798 2411 819 2465 t.
843 2405 871 2476 2,
898 2405 950 2484 18)
980 2401 1061 2464 haec
1091 2407 1181 2463 sunt:
1205 2421 1329 2481 „rerum
1350 2401 1438 2459 ordi-

256 2519 327 2559 nem
347 2495 445 2580 plena
466 2497 671 2582 inquisitione
695 2497 875 2564 discutere“
893 2503 937 2583 ⁴)3

338 2594 373 2678 2)
390 2619 450 2676 per
469 2603 628 2660 licentiam
650 2605 850 2678 quorundam
879 2606 1047 2662 criminum
1076 2621 1152 2675 reos,
1182 2604 1260 2678 quia
1281 2603 1374 2658 ettam
1397 2601 1437 2656 li·
1516 2615 1517 2646 r

256 2699 350 2772 beros,
374 2703 537 2758 tormentis
559 2702 709 2760 trudendi,
755 2699 940 2762 'l'ormentis
970 2697 1054 2760 enim
1079 2694 1207 2782 judices
1230 2693 1325 2779 hujus
1348 2702 1436 2756 aeta·
1516 2649 1517 2741 l

255 2793 296 2854 tis
318 2813 382 2853 non
399 2792 468 2875 jam
493 2791 534 2856 ad
557 2793 830 2859 corroborandam
865 2795 922 2860 sed
952 2796 993 2858 ad
1029 2793 1243 2875 „eruendam“
1267 2793 1437 2855 veritatem
1515 2873 1516 2878 η

256 2888 449 2972 utebantur,
479 2914 544 2955 non
573 2893 701 2977 quidem
732 2895 764 2956 in
799 2893 946 2958 omnibus
976 2891 1164 2957 criminibus
1193 2914 1254 2954 nec
1276 2889 1317 2954 ab
1346 2892 1438 2954 initio

256 2991 455 3074 quaestionis
478 2989 519 3052 ad
543 3014 582 3054 ea
605 2994 781 3077 confugere
804 2995 998 3080 permissum
1023 3003 1111 3056 erat:
1134 2990 1190 3054 sed
1214 2992 1246 3054 in
1269 3013 1381 3054 omnes
1405 2991 1437 3054 li-

257 3088 350 3151 beros
366 3089 468 3152 solum
484 3091 517 3152 iu
533 3090 617 3170 falsi,
633 3091 830 3172 officialium,
847 3093 1005 3172 veneficii,
1021 3091 1169 3154 adulterii
1185 3089 1374 3154 criminibus
1391 3096 1435 3174 ᾗ);
1514 3163 1515 3168 ¹

253 3208 358 3270 neque
380 3187 414 3252 in
436 3185 485 3250 bis
500 3188 686 3252 criminibus
703 3195 729 3274 θ)
753 3213 881 3275 semper
898 3191 939 3254 ad
955 3200 1115 3254 tormenta
1138 3191 1356 3268 descenditur,
1380 3189 1437 3252 sed

256 3284 358 3348 solum
381 3285 409 3350 si
429 3307 504 3349 reus
535 3286 695 3371 aliquibus
717 3289 955 3374 suspicionibus
987 3299 1120 3374 urgetur
1142 3288 1298 3373 aliterque
1321 3285 1437 3372 probe·

323 3614 606 3678 nouandarum.
627 3617 759 3670 Orchoe.
779 3635 804 3681 p.
826 3619 904 3668 610-
911 3620 969 3668 660.

321 3695 348 3760 2)
366 3698 404 3748 Ut
421 3697 570 3748 Geibius
588 3698 638 3748 l.c
665 3716 691 3763 p.
709 3703 758 3750 614
775 3706 861 3766 putat.

320 3784 347 3842 3)
366 3782 408 3830 Ex
425 3781 474 3830 hac
489 3781 549 3846 lege
567 3781 650 3832 Geib
661 3783 687 3830 ii
705 3800 777 3833 error
794 3801 819 3850 p.
839 3787 888 3833 614
906 3786 1063 3850 produxisse
1081 3785 1194 3834 videtur.

317 3863 343 3927 4)
361 3865 402 3914 De
422 3864 471 3914 hoc
488 3865 669 3929 interrogandi
691 3864 752 3928 jure
779 3870 950 3918 conferantur
976 3869 1025 3918 Ev.
1044 3867 1173 3920 Matthaei
1192 3867 1303 3928 xxvu,
1325 3869 1432 3926 11-143

251 3947 335 3997 Marci
353 3948 409 4008 XV,
423 3949 501 4008 2-5;
520 3949 609 3998 Luae
623 3949 726 4011 XXlll,
745 3953 825 4012 3-73
843 3951 976 4002 Johanuis
997 3951 1096 4012 XVlll,
1112 3953 1144 4000 33
1163 3967 1227 4014 seq„
1246 3951 1310 4000 xlx
1335 3953 1430 4010 9-11;

255 4031 320 4080 Acta
338 4031 458 4094 Apostol.
477 4031 573 4092 xxiv,
589 4034 697 4094 atq-26,
716 4033 798 4092 XXV,
816 4036 908 4103 9-12,
924 4036 943 4086 l.
964 4037 977 4086 7
996 4036 1026 4086 G·
1044 4036 1093 4086 Th.
1112 4036 1147 4086 de
1161 4051 1249 4084 accus.
1267 4035 1292 4096 9,
1315 4039 1336 4084 l.

321 4115 347 4174 s)
364 4115 410 4166 ur.
431 4114 514 4166 cess
533 4115 550 4164 1.
569 4131 591 4166 ο.
612 4119 754 4168 cisami.

323 4196 348 4260 6)
368 4197 444 4246 Servi
471 4201 499 4248 in
527 4199 649 4250 omuibus
674 4201 828 4252 criminibus
856 4205 937 4255 etiam
960 4209 1054 4256 contra
1079 4205 1245 4256 donriuorum
1267 4203 1433 4256 voluntatem

257 4284 394 4334 tormentis
413 4284 481 4335 tradi
499 4288 631 4348 poterent.
