3082 4966
750 363 955 427 ..14-

269 545 416 609 floruisse
434 547 466 626 ¹).
510 543 602 622 Quae
634 563 687 604 res
717 543 826 627 quanti
857 539 950 604 nobis
978 541 1019 604 sit
1039 537 1192 623 ponderis
1225 541 1445 626 unusquisque

270 644 445 726 intelliget:
466 664 540 706 nam
557 641 736 704 delatorum
751 641 866 724 ingens
882 661 1043 719 numerus,
1059 639 1175 726 ingens
1190 638 1300 723 populi
1316 639 1447 719 odium3

270 753 303 806 ct
324 763 516 828 quamquam
547 762 643 804 nemo
675 747 724 802 est
755 741 808 824 qni
841 737 981 817 dubitet,
1008 738 1082 822 quin
1124 737 1251 801 deferre
1286 759 1446 822 persaepe

269 863 366 905 unum
398 840 546 925 idemque
569 839 740 923 {significet
768 846 865 923 atque
887 859 1050 918 accusare,
1083 844 1192 900 tamen
1222 837 1366 902 nonnulli
1403 859 1447 900 ex

270 935 380 1004 eorum¹
422 941 475 1024 qui
511 937 695 1002 detulerunt
722 959 842 1022 genere
860 944 1006 1016 -restant,
1028 937 1082 1021 qui
1104 936 1312 1001 denuntiasse
1341 937 1444 1000 solum

266 1040 350 1124 juris
382 1037 536 1101 consultis
560 1036 738 1100 videantur.

352 1137 468 1200 Defert
490 1135 614 1199 delator
647 1157 763 1199 nomen
795 1135 864 1197 sive
897 1135 1029 1213 crimen,
1059 1155 1142 1220 quae
1164 1133 1282 1199 delatio
1304 1137 1443 1220 primum

269 1237 347 1300 fecit
368 1255 541 1320 processus
557 1233 732 1298 criminalis
753 1235 888 1298 initiam.
910 1234 1161 1298 Accusationem
1177 1232 1218 1297 ab
1240 1256 1281 1298 ea
1302 1233 1442 1298 discerni

99 1338 107 1368 '·
210 1377 211 1381 =
268 1333 460 1420 'comprobat
481 1341 513 1396 et
534 1333 749 1419 Papinianus·
772 1353 843 1396 cum
870 1330 992 1396 Tiberii
1024 1335 1227 1418 imperatoris
1250 1335 1442 1418 rescriptum

269 1434 409 1498 referat:
446 1431 500 1512 „Si
523 1434 593 1517 quis
615 1433 648 1496 in
671 1432 791 1495 honore
814 1432 1036 1496 ministeriove
1056 1432 1185 1518 publico
1209 1435 1260 1513 sit,
1282 1453 1357 1496 reus
1374 1435 1442 1518 qui·

270 1533 342 1598 dem
364 1531 544 1618 postulatur
565 1530 613 1618 (id
636 1540 685 1594 est
706 1553 823 1594 nomen
845 1531 916 1616 ejus
932 1531 1036 1595 deferi
1056 1540 1179 1616 potest,
1202 1533 1339 1596 assentit
1353 1532 1445 1596 Gei-

270 1631 364 1694 bius
386 1653 416 1716 p.
435 1628 514 1717 551)
538 1631 595 1694 sed
617 1629 762 1694 differtur
791 1629 861 1714 ejus
884 1632 1085 1712 accusatio“3
1119 1639 1152 1693 et
1172 1633 1357 1696 constitutio
1379 1631 1445 1694 Va·

270 1729 437 1792 lentiniani
460 1728 605 1794 Valentis
627 1728 775 1791 Gratiani
798 1728 842 1815 (a.
863 1727 939 1813 374)
961 1730 992 1792 in
1014 1729 1033 1796 l.
1054 1731 1074 1793 2
1096 1730 1132 1796 Ο.
1154 1730 1213 1797 Tlr.
1236 1731 1265 1812 9,
1288 1734 1303 1794 1
1326 1730 1369 1794 de
1391 1752 1445 1794 ac·

269 1849 352 1891 cus:
374 1825 547 1912 „neganda
578 1834 628 1889 est
655 1829 904 1893 accusatis...
928 1879 934 1892 .
956 1827 1087 1892 licentia
1106 1828 1300 1894 criminandi
1325 1876 1332 1892 .
1356 1881 1364 1897 .
1388 1881 1394 1894 .
1420 1877 1445 1908 .,

269 1927 457 2010 priusquam
481 1947 516 1988 se
539 1925 672 1989 crimine
695 1945 758 2010 quo
773 1931 962 2008 premuntur
983 1927 1142 2007 exuerint,
1164 1926 1339 1991 secundum
1362 1929 1446 1990 scita

270 2033 413 2088 veterum
434 2024 516 2109 juris
540 2023 758 2102 conditorum,
780 2025 826 2086 ita
846 2030 964 2100 tamen,
993 2030 1036 2103 ut,
1070 2033 1101 2088 et
1128 2027 1191 2110 ipsi
1217 2027 1445 2110 inscriptiones

270 2131 383 2186 contra
405 2143 461 2185 ecs
483 2122 579 2185 etiam
602 2120 764 2206 pendente
787 2123 995 2185 accusatione
1017 2121 1180 2208 deponere
1201 2124 1345 2208 possint“
1368 2123 1445 2208 (1.5

276 2225 304 2303 5.
329 2223 343 2282 l
367 2221 406 2284 D.
428 2219 476 2282 48.
501 2223 515 2282 l
541 2219 580 2282 de
602 2218 739 2304 publicis
758 2218 915 2304 judiciis).
957 2220 1026 2283 Nec
1055 2219 1163 2284 obstat
1183 2229 1249 2285 tam
1269 2223 1371 2286 firmis
1394 2245 1444 2285 ar·

268 2321 430 2402 gementis
453 2317 572 2382 dictum
593 2319 739 2384 Terentii
771 2318 807 2396 (l.
839 2317 879 2380 10
906 2320 925 2382 i.
956 2319 978 2386 f.
1008 2319 1048 2385 D.
1076 2319 1251 2399 37,14de
1279 2321 1353 2384 lure
1374 2328 1445 2404 pat-

268 2419 370 2503 roni:
412 2417 497 2498 ,Qui
526 2439 643 2482 nomon
675 2416 797 2499 detulit,
828 2437 1001 2481 accusasse
1036 2418 1265 2504 intelligendus
1295 2426 1360 2499 est,
1381 2421 1446 2482 nisi
1517 2411 1518 2447 l

270 2516 474 2581 abolitionem
498 2517 607 2601 petita

350 2615 414 2680 Sed
437 2637 478 2678 ex
500 2635 563 2700 quo
584 2615 738 2699 temporis
759 2621 922 2678 momento
944 2615 1058 2700 incipit
1080 2618 1153 2700 ipsa
1175 2617 1365 2694 accusatio?
1391 2615 1444 2679 Li:

268 2723 332 2778 tem
353 2735 427 2776 esse
448 2720 660 2776 contestatam
685 2713 781 2777 etiam
804 2715 836 2775 in
857 2733 1011 2797 processu
1032 2715 1190 2778 criminali
1212 2715 1396 2779 invenimus
1409 2716 1444 2796 2).
1516 2787 1517 2800 ,

415 2833 483 2896 arg.
506 2810 525 2877 l.
545 2809 588 2874 20
609 2813 648 2877 D.
669 2809 720 2889 48,
742 2816 761 2872 2
783 2809 822 2873 de
853 2832 979 2893 accus.;
1008 2812 1027 2880 l.
1052 2812 1090 2876 lo
1111 2817 1140 2894 ἕ.
1165 2816 1179 2876 l
1203 2811 1315 2894 D.48,
1338 2813 1377 2876 16
1401 2812 1442 2876 ad
1516 2801 1517 2833 ¹

416 2909 535 2974 SOtum
571 2907 811 2992 'l'urpilianum3
832 2909 852 2976 l
872 2910 943 2977 ac.
964 2909 993 2991 9,
1013 2912 1056 2972 44
1076 2917 1111 2974 nt
1123 2912 1210 2974 intra
1222 2919 1346 2974 certum
1366 2918 1445 2974 tem·

415 3029 491 3093 pus,
515 3009 575 3074 cfr.
589 3006 609 3074 l.
619 3008 653 3087 2,
674 3007 694 3074 l.
714 3008 807 3074 220.
822 3006 881 3076 rh.
896 3007 938 3072 ad
959 3007 1021 3093 leg.
1036 3007 1164 3077 Coraci.
1180 3008 1221 3074 de
1241 3009 1333 3074 falsis
1348 3008 1377 3089 9,
1396 3008 1443 3074 19.

270 3109 358 3172 Dicit
378 3108 490 3171 Macer
511 3107 543 3189 (l.
567 3105 606 3170 15
626 3105 697 3188 §.5
726 3107 766 3173 D.
794 3107 845 3186 48,
877 3107 948 3192 16):
991 3106 1075 3188 ,Qui
1095 3115 1170 3192 post
1191 3109 1446 3193 inscriptionem,

270 3215 345 3270 ante
367 3206 454 3270 litem
480 3211 693 3268 contestatam
716 3225 800 3267 anno
822 3205 876 3268 vel
890 3203 1020 3270 biennio
1043 3229 1142 3291 agere
1163 3229 1228 3271 non
1250 3210 1445 3293 potuerint“.
1515 3191 1516 3219 ¹

268 3304 438 3388 inscriptio
453 3311 559 3367 autem
589 3312 621 3366 et
635 3305 773 3367 nominis
791 3302 910 3366 delatio
933 3305 966 3367 in
981 3304 1067 3370 idem
1088 3315 1214 3392 tempus
1230 3305 1371 3370 incidere
1396 3327 1446 3369 so-

267 3402 378 3468 lebant
391 3405 430 3486 ³),
451 3410 491 3482 et,
514 3402 542 3464 si
561 3402 761 3485 Papinianus
782 3401 831 3464 rei
852 3404 1069 3486 postulationi,
1091 3404 1124 3467 id
1146 3411 1195 3469 est
1210 3404 1258 3468 rei
1279 3402 1448 3491 delationi,

339 3710 363 3770 1)
382 3711 478 3762 Omnia
494 3709 589 3760 miscet
606 3710 866 3772 Brencmannus,
888 3711 957 3760 Fata
973 3709 1193 3761 calumniatorum
1211 3708 1287 3776 (Otto
1304 3711 1450 3764 thesaurus

266 3795 316 3856 111,
337 3795 400 3843 1653
417 3790 495 3857 seq.l,
522 3808 600 3856 quem
627 3793 747 3857 sequitur
773 3791 929 3855 Galbina,
955 3793 1050 3846 Gesclr.
1079 3793 1126 3846 das
1143 3797 1208 3846 rtim.
1232 3795 1365 3848 (ln-Pron
1385 3799 1446 3860 ⁶81,

269 3891 428 3943 quamquam
443 3873 499 3938 jam
515 3875 699 3936 Inrsrniai,
718 3876 759 3925 De
787 3876 901 3941 publicis
924 3881 952 3926 et
973 3875 1156 3928 cnminslibus
1173 3877 1285 3945 judiciis
1305 3882 1381 3944 173⁷,
1402 3897 1450 3932 ns·

266 3965 351 4010 turam
370 3973 460 4008 eorum
476 3962 547 4007 recte
564 3957 704 4022 descripsit
721 3975 746 4023 p.
764 3959 873 4022 80-82,
891 3975 944 4009 non
962 3959 1117 4010 discernens
1135 3965 1225 4011 tamen
1243 3962 1382 4014 delatores
1401 3968 1452 4030 qui

266 4040 438 4092 criminaliter
454 4045 580 4090 accusant
597 4045 624 4089 et
641 4039 771 4092 delatores
790 4041 856 4092 fisci.

330 4122 357 4185 2)
375 4123 458 4174 Nemo
471 4121 528 4186 ejus
541 4123 580 4172 rei
592 4126 752 4174 mentionem
764 4124 829 4174 facit
840 4125 892 4174 nisi
903 4124 1102 4176 Matthaeus
1121 4125 1154 4176 ds
1173 4129 1246 4176 crim.
1263 4113 1306 4188 48,
1326 4131 1361 4178 13
1375 4147 1400 4184 c.
1421 4133 1451 4181 ⁷²

268 4222 295 4271 p.
314 4207 372 4257 631.

332 4287 359 4352 3)
376 4289 471 4351 Geib,
489 4288 584 4342 Gesch.
601 4289 647 4340 des
666 4292 730 4340 rtm.
753 4291 892 4340 <ln-Prae
909 4291 966 4340 ⁶53.
