3082 4966
725 331 931 396 ....16...

239 513 328 580 modi
349 519 497 598 questum
520 511 682 579 exclamat
703 513 753 576 vir
775 511 909 596 grandia
931 519 1027 597 atque
1049 515 1300 598 magnanimus?
1325 513 1437 594 Quod

242 617 370 678 Cestius
409 620 539 676 senator
572 615 734 696 „suscepit
764 613 1024 676 accusationem
1069 612 1203 676 'l'iberio
1240 615 1434 698 instigante

243 712 325 794 „Per
347 711 504 774 occultum
536 709 665 794 quidem
696 732 791 774 nemo
819 719 928 794 potest
959 717 1144 792 accusare“,
1173 711 1431 796 respondebunt
1525 741 1526 816 p

241 810 431 876 adversarii.
482 808 628 886 Quidni?
657 809 829 873 mandatur
862 819 1035 876 accusatio,
1091 810 1156 875 Sed
1178 833 1237 896 per
1259 812 1430 875 occultum
1525 823 1526 916 l

240 931 305 972 non
328 907 507 970 delationes
530 929 684 970 exercere
707 929 762 970 eos
784 907 861 971 dicit
883 909 1032 990 Tacitus,
1053 917 1177 990 infimos
1198 917 1307 973 autem
1330 909 1428 972 dela·
1525 927 1526 990 1

241 1009 355 1086 1101100,
377 1005 410 1069 id
432 1015 501 1068 est:
522 1003 756 1090 turpitudinem
777 1006 949 1070 delationis
972 1007 1176 1072 dissimulant
1197 1008 1260 1088 alii,
1284 1007 1428 1092 aliipu-
1525 993 1526 1028 ¹

244 1105 363 1170 blicam
386 1125 458 1167 eam
480 1126 560 1188 prae
582 1126 617 1166 se
637 1105 754 1172 ferunt.

324 1203 377 1266 Ad
400 1201 673 1268 corroborandum
696 1204 780 1267 hunc
804 1203 934 1276 dicendi
959 1227 1052 1269 usum
1074 1205 1152 1268 mihi
1173 1205 1288 1286 liceat,
1311 1227 1328 1267 e
1350 1227 1433 1289 per.

1525 1331 1526 1384 l

1525 1391 1526 1450 l

246 1303 354 1370 multis
376 1303 455 1366 locis
477 1325 600 1388 paucos
623 1303 752 1388 quidem
782 1304 841 1367 sed
870 1305 1016 1386 insignes
1039 1303 1213 1388 adponere.
1255 1303 1433 1382 Quaestio-

246 1423 319 1464 nem
343 1403 497 1485 proponit
524 1404 545 1467 J
553 1425 627 1466 uve
641 1402 753 1466 nalis
774 1405 807 1466 in
823 1404 923 1466 satira
944 1402 986 1465 X.
1015 1425 1045 1470 v.
1073 1403 1117 1465 09
1139 1423 1211 1487 seq:
1233 1449 1432 1470 .......

247 1547 255 1562 .
281 1550 287 1562 .
311 1550 317 1561 .
339 1499 404 1564 Sed
427 1522 488 1584 quo
517 1500 635 1564 cecidit
666 1500 726 1564 sub
760 1502 920 1564 erimine?
961 1509 1105 1581 quisnam
1134 1505 1288 1564 Delator?
1317 1505 1434 1581 quibus

247 1603 409 1676 iudicibus,
433 1621 494 1678 quo
518 1611 588 1662 teste
605 1604 777 1678 probauit?
818 1599 871 1662 Nil
892 1599 1021 1664 lroruml
1068 1600 1214 1664 Verbosa
1236 1607 1268 1662 01
1291 1597 1430 1684 grandis

250 1695 389 1780 epistola
410 1697 499 1759 venit
521 1700 551 1760 A
584 1696 720 1782 Capreis
742 1747 748 1760 .
771 1749 779 1764 .
802 1749 810 1765 .
832 1749 839 1766 .
862 1699 982 1762 Narrat
997 1699 1173 1761 Tacitus
1194 1697 1311 1765 Annal.
1333 1697 1430 1777 XlIl,
1525 1695 1526 1778 l

247 1795 305 1858 23:
329 1795 548 1869 „Deferuntur
569 1794 685 1859 dehinc
708 1845 714 1858 .
737 1847 745 1864 .
766 1843 804 1864 ..
847 1797 928 1882 Ejus
951 1798 1171 1860 accusationis
1194 1803 1307 1859 auctor
1329 1795 1429 1858 exsti·
1492 1875 1494 1888 .

248 1895 316 1959 tir‘.
360 1894 571 1972 „Delatores“
606 1903 679 1956 sunt
709 1903 916 1958 accusatores
944 1895 1062 1961 Annal.
1091 1893 1240 1972 Χ111,21
1264 1894 1284 1960 1.
1306 1893 1328 1960 f.
1351 1893 1426 1976 (cfr.

248 1991 365 2057 Annal.
398 1989 454 2072 Vl,
484 1991 536 2057 30,
567 1991 659 2071 Xlll,
690 1993 740 2056 43.
771 1993 812 2056 33
841 2001 873 2056 et
895 1997 980 2076 cet.).·
1021 1995 1102 2056 ltem
1123 1992 1285 2055 Plinius
1309 2011 1360 2074 ep.
1384 1989 1427 2078 X,
1525 1985 1526 2070 l

249 2090 298 2154 06.
320 2089 561 2174 973l'anegyr.
584 2112 609 2152 c.
631 2091 682 2157 34.
727 2091 893 2158 Sueten.
923 2095 1017 2155 't'itus
1046 2112 1073 2157 o.
1101 2089 1428 2154 8i.f.Ammian.

250 2188 483 2254 Marcellin.
506 2188 596 2269 XVl,
619 2190 657 2268 V,
681 2193 706 2252 1.
750 2190 794 2252 Et
815 2190 914 2252 multo
943 2197 1017 2274 post
1038 2187 1243 2252 Sidonius
1265 2186 1428 2270 Apolli·
1525 2187 1526 2260 l

251 2287 363 2352 naris
386 2307 435 2370 ep.
459 2288 473 2349 1
498 2290 552 2348 11:
577 2287 677 2366 „Quis
699 2289 820 2352 crimen
836 2277 994 2372 agnouit?
1016 2297 1085 2368 quis
1107 2291 1240 2355 detulit?
1261 2295 1329 2368 quis
1346 2309 1425 2366 pro·

252 2390 359 2450 bavit?
380 2429 442 2450 -..
489 2386 593 2468 Perge
616 2433 623 2452 .
647 2434 654 2449 .
676 2435 684 2450 .
706 2389 809 2452 amice
831 2437 838 2452 .
861 2439 868 2450 .
891 2438 898 2451 .
921 2394 953 2449 et
971 2393 1188 2450 tumescentes
1211 2387 1340 2448 nomine
1354 2403 1425 2446 meo
1525 2405 1526 2484 p

253 2485 422 2564 consulere
438 2483 582 2567 dignare,
605 2492 710 2548 utrum
726 2507 791 2548 non
806 2486 858 2550 ille
875 2491 994 2548 delator
1010 2493 1065 2548 aut
1079 2485 1188 2565 index,
1209 2487 1261 2570 qui
1284 2491 1425 2568 satyram
1525 2487 1526 2562 l

252 2604 304 2646 me
326 2583 495 2665 scripsisse
518 2585 681 2662 confinxit,
704 2587 800 2648 etiam
817 2584 1048 2669 perscripsisse
1070 2584 1297 2664 confinxerit“;
1319 2603 1369 2666 ep.
1391 2581 1425 2660 V,

254 2681 296 2743 7:
340 2681 401 2758 „lli
423 2687 498 2744 sunt
519 2679 721 2768 (delatores),
743 2703 822 2766 quos
844 2682 925 2744 haec
946 2681 1153 2766 peculiariter
1174 2683 1342 2766 provincia
1363 2701 1426 2742 ma·
1525 2713 1526 2766 p

225 2806 229 2814 ·
254 2787 318 2856 net,
340 2777 461 2840 inferre
483 2779 670 2859 calumnias,
693 2787 806 2862 deferre
830 2803 989 2860 personas,
1018 2784 1134 2844 0110110
1154 2781 1269 2860 minas,
1291 2779 1423 2842 aufferre
1525 2771 1526 2828 l

255 2875 482 2943 substautias“.
780 2939 784 2944 .

336 2973 511 3059 Postquam
533 2976 594 3040 hoc
625 2978 731 3040 modo·
751 3001 858 3058 unam,
889 2976 965 3061 quid
995 2979 1035 3040 sit
1065 2976 1199 3054 delator,
1222 2975 1423 3059 significatio-

256 3095 329 3139 nem
354 3079 552 3157 argumentis
576 3075 788 3142 corroborare
805 3077 912 3140 conati
934 3097 1054 3156 sumus,
1075 3075 1220 3154 alteram,
1242 3095 1324 3158 quae
1340 3093 1423 3157 prae-

257 3171 351 3254 cipue
373 3175 406 3234 in
424 3175 507 3258 juris
530 3175 666 3240 Romani
699 3174 843 3240 fontibus
874 3175 1043 3258 reperitur,
1072 3194 1137 3236 non
1161 3175 1232 3259 jam
1255 3173 1422 3256 attigimus.

257 3271 370 3353 Agunt
391 3279 500 3336 autem
521 3273 561 3336 de
583 3273 643 3338 hac
665 3299 700 3338 re
721 3275 807 3338 tituli
837 3273 896 3356 „de
924 3271 1160 3344 delatoribus“:
1201 3270 1322 3336 Paulus
1344 3269 1423 3334 Sent.

259 3368 298 3448 V,
329 3369 378 3449 13,
411 3371 457 3437 tit.
487 3370 522 3438 O.
556 3372 614 3438 Th.
648 3373 697 3454 10,
727 3373 775 3454 10,
797 3374 843 3439 tit.
866 3373 900 3436 0.
926 3372 973 3452 10,
998 3374 1053 3453 113
1074 3379 1246 3456 praeterea
1267 3369 1350 3432 tituli
1371 3368 1423 3450 ,de

255 3469 329 3552 jure
359 3469 470 3532 fisci“:
505 3471 538 3536 0,
568 3471 698 3552 Τ11.10,
732 3475 766 3554 13
794 3471 828 3536 O.
862 3471 993 3552 10,,11;
1015 3472 1062 3537 tit.
1084 3471 1294 3556 Digestorum
1318 3468 1366 3548 49,
1388 3470 1422 3529 14

260 3565 384 3648 (titulus
405 3569 454 3633 Ill
476 3568 512 3636 O.
531 3572 787 3656 Hermogeniani
808 3569 869 3633 huc
890 3591 955 3633 non
976 3571 1142 3654 pertinet).

350 3679 387 3742 ln
408 3657 575 3735 brevi'illo
591 3669 684 3734 Pauli
705 3669 796 3734 titulo
819 3669 921 3732 solum
945 3667 984 3730 de
1006 3667 1055 3730 his
1071 3669 1186 3752 agitur,
1209 3669 1263 3752 qui
1277 3674 1352 3747 fisco
1374 3665 1422 3727 de-

260 3777 385 3857 ferant3
414 3775 492 3836 item
522 3772 731 3856 Digestorum
766 3768 876 3832 titulus
905 3768 1018 3852 incipit
1061 3788 1253 3830 enumerans
1274 3762 1422 3848 'singulas

262 3897 375 3940 causas
397 3873 606 3936 nuntiationis
636 3871 704 3932 sive
737 3866 907 3930 delationis
934 3864 974 3928 ad
1005 3867 1128 3943 liscum,
1149 3865 1232 3927 inter
1254 3884 1334 3946 quas
1356 3881 1422 3924 nun-
1525 3937 1526 3940 Ἴ

260 3975 361 4054 tiatio,
389 3979 662 4052 praevaricatione
692 3988 752 4030 nec
781 3987 846 4028 11011
875 3971 1127 4044 terpioarsationc
1161 3963 1274 4025 fiscum
1310 3961 1419 4022 victum

263 4094 344 4148 0000,
366 4070 499 4156 majoris
520 4067 613 4132 nobis
647 4065 798 4150 ponderis
830 4070 919 4142 sunt,
944 4083 1050 4146 neque
1078 4060 1202 4144 reliqua
1230 4059 1315 4122 tituli
1348 4057 1422 4140 frag·
1525 4063 1526 4092 ¹

264 4179 373 4234 menta
402 4169 482 4232 alius
513 4165 682 4230 delationis
709 4161 905 4224 mentionem
937 4161 1070 4226 faciunt.
1113 4155 1296 4220 Videndum
1327 4161 1421 4218 autem

265 4278 322 4350 est,
344 4278 450 4334 utrum
472 4267 533 4330 hac
567 4263 785 4328 nuntiationes
816 4267 964 4323 naturam
997 4249 1248 4322 denuntiationis
1270 4257 1320 4336 (ut
1339 4250 1420 4316 hodie
