3082 4966
582 378 790 439 ...sti-

94 560 144 622 tio
164 558 276 642 perfici
297 581 361 622 non
383 565 489 642 potest
511 556 645 640 (Paulus
668 556 757 623 Seni.
779 555 817 635 V,
844 558 890 635 14,
911 561 941 637 ξ.
966 560 1001 637 1;
1023 557 1040 620 l.
1066 560 1079 620 1
1107 580 1152 642 pr.
1176 559 1215 620 D.
1239 558 1279 620 de

96 665 223 742 quaest.
243 655 294 736 48,
318 654 390 739 lit).
434 655 643 734 Quaestionis
666 655 780 717 modus
798 653 919 740 judicis
943 663 1013 717 erat
1037 653 1171 718 arbitrio
1195 659 1277 740 (arg.

95 756 117 822 1.
143 751 216 818 'let
237 753 257 815 8
280 755 320 821 D.
350 755 446 838 eod).
489 757 659 816 Acerrinra
688 753 768 816 baec
798 753 944 816 veritatis
975 753 1163 839 adjumenta
1190 777 1279 818 usur-

96 852 270 939 pabantur,
293 851 407 936 quibus
439 861 611 936 cogeretur
640 874 715 916 reus
737 853 907 916 veritatem
931 853 1046 933 edere3
1070 853 1152 937 quod
1186 873 1279 914 aecu-

96 953 201 1016 satori
223 950 321 1015 licere
344 974 408 1016 non
430 959 568 1036 poterat,
596 951 653 1014 seri
687 950 788 1014 solnm
819 951 943 1014 civitati
965 958 1061 1034 atque
1084 951 1155 1034 ejus
1177 951 1278 1034 tnagi-

97 1049 265 1116 stratibus.

183 1151 217 1234 3)
238 1156 383 1214 Similiter
413 1162 496 1214 testes
527 1174 580 1230 per
608 1155 746 1228 jadicem
772 1161 808 1211 ut
842 1155 971 1212 vestiant
1009 1159 1167 1228 coparitur
1195 1150 1279 1230 (arg.

96 1251 117 1312 l.
139 1252 176 1312 21
202 1255 229 1330 ξ.
254 1252 268 1311 1
294 1257 326 1312 et
345 1250 365 1312 2
385 1250 426 1312 D.
452 1247 492 1312 de
512 1257 584 1314 test.
606 1249 657 1328 22,
677 1247 714 1329 53

180 1349 215 1430 4)
238 1371 335 1428 neque
356 1357 460 1412 minus
476 1355 595 1426 iudices
617 1385 653 1396 »-
681 1370 748 1412 aori
764 1355 833 1424 jorn
866 1357 1061 1408 accusatores
1082 1383 1123 1394 -
1143 1355 1280 1410 interro-

96 1470 183 1528 possc
205 1458 287 1510 testes
308 1458 440 1524 apparet
471 1468 513 1508 ex
541 1445 560 1511 i.
579 1447 600 1507 3
621 1451 650 1526 ξ.
672 1446 692 1508 3
715 1448 755 1509 D.
782 1445 822 1508 de
846 1452 917 1510 test.
939 1445 989 1520 22,
1009 1443 1039 1507 5.
1083 1445 1277 1526 (Conferan-

96 1554 150 1608 tur
174 1563 253 1628 quos
277 1542 431 1627 allegavit
452 1543 540 1608 locos
563 1542 742 1606 Gcibius
765 1567 793 1628 p.
817 1545 877 1606 692
901 1567 931 1609 n.
952 1543 1048 1627 381).

182 1646 294 1727 Itaque
316 1643 462 1706 veritatis
486 1643 643 1722 dominus,
666 1652 700 1706 ut
721 1643 766 1706 ita
790 1643 906 1722 dicant,
924 1642 1027 1726 judex
1051 1665 1123 1706 esse
1146 1643 1277 1707 videba-

96 1751 159 1821 tur,
182 1750 361 1819 accusator,
383 1763 467 1820 reus,
489 1749 589 1804 testes
613 1740 715 1804 solurn
738 1743 952 1804 instrumenta
973 1739 1130 1826 ejusdem.

197 1928 255 1980 1v.
290 1929 338 1980 De
356 1929 528 1980 immutato
550 1926 713 1988 probandi
731 1929 873 1980 themate
890 1932 988 1986 atque
1007 1929 1181 1980 immutato

541 2015 748 2076 probationis
767 2015 839 2067 fine.

187 2140 327 2204 Omnino
356 2139 446 2206 aliud
475 2143 597 2207 suetum
630 2165 702 2208 esse
730 2143 839 2207 thema
873 2141 1073 2228 probationis
1094 2142 1160 2227 jam
1184 2163 1281 2225 supra

106 2240 270 2323 apparuit.
311 2239 419 2304 Antea
446 2250 617 2306 aecusator
646 2244 845 2328 argumentis
875 2243 941 2305 snis
980 2241 1111 2302 vincere
1141 2238 1284 2302 debebat

104 2359 206 2416 reum,
229 2346 260 2399 et
282 2338 450 2401 victoriam
479 2361 516 2401 eo
545 2340 673 2404 facilius
706 2339 965 2418 nanciscebatur,
995 2340 1183 2423 quominus
1206 2359 1281 2402 reus

100 2457 136 2497 se
161 2435 362 2499 defenderet.
405 2437 492 2502 Reus
525 2447 630 2502 autern
659 2441 734 2502 item
765 2437 964 2502 liberabatur
992 2437 1033 2502 ab
1066 2437 1280 2514 accusatione,

102 2535 129 2596 si
154 2544 324 2598 accersatur
347 2558 428 2620 quae
460 2535 619 2600 detulerat
649 2559 711 2601 non
745 2537 951 2622 probaverat,
978 2559 1016 2600 ac
1049 2537 1076 2599 si
1097 2537 1166 2622 ipse
1190 2537 1278 2598 iuno-

99 2634 238 2696 centianr
263 2656 353 2698 suam
377 2637 576 2719 argumentis
608 2637 686 2700 satis
709 2636 919 2700 stabiliverat.
962 2635 1056 2698 Nunc
1078 2656 1095 2696 c
1118 2635 1279 2697 contrario

101 2755 158 2793 roo
181 2733 384 2796 innocentiae
415 2756 491 2796 suae
521 2732 669 2817 probatio
699 2735 732 2798 in
763 2733 900 2818 publicis
929 2733 1063 2818 judiciis
1083 2754 1210 2817 semper
1232 2733 1276 2794 in-

102 2829 236 2910 cumbit,
258 2853 330 2892 cum
351 2830 532 2895 libertatern
557 2843 666 2916 petat,
699 2857 737 2896 ne
765 2841 953 2914 confessioni
976 2838 1099 2912 quidem
1118 2841 1182 2908 ejus
1202 2855 1278 2895 scm-

94 2953 155 3009 per
177 2936 320 3010 creditur,
344 2953 413 2993 curn
431 2930 582 3011 libertati,
606 2933 739 3016 patriae,
761 2933 847 2994 vitae
870 2932 1061 2995 renunciare
1083 2929 1171 2996 velit.
1194 2930 1280 2994 Sane

99 3028 268 3114 permultis
299 3029 377 3092 iocis
411 3031 506 3093 etiarn
537 3032 767 3116 imperatorum
799 3040 905 3093 aetate
944 3030 1101 3094 convictis
1140 3029 1281 3093 confessi

99 3137 339 3212 comparantur,
362 3132 447 3192 utin
470 3129 487 3192 l,
510 3131 578 3194 40
617 3131 645 3210 9,
666 3133 702 3192 41
731 3129 771 3192 de
794 3137 936 3214 quaest,
960 3129 979 3194 l.
1004 3131 1042 3192 16
1065 3127 1100 3194 (i.
1123 3130 1151 3207 9,
1173 3129 1212 3192 47
1238 3129 1278 3192 de

99 3229 233 3312 poenis,
255 3227 274 3293 1.
296 3230 316 3292 4
338 3231 374 3295 O.
397 3229 456 3296 Th.
479 3232 507 3311 9,
538 3231 577 3294 10
610 3229 651 3293 ad
674 3228 735 3313 leg.
768 3228 831 3292 tut.
855 3227 895 3290 ‹te
917 3228 970 3307 vi3
993 3227 1069 3290 item
1093 3249 1112 3290 a
1134 3225 1279 3306 Quinc-

98 3324 256 3388 tiiiano
280 3327 440 3409 (Deciani.
470 3329 547 3411 314)
577 3338 609 3391 et
639 3326 803 3391 Seneca
825 3325 991 3410 (Controv.
1015 3325 1044 3405 8,
1068 3327 1100 3410 1)
1123 3324 1177 3389 ubi
1200 3325 1276 3388 dici·

100 3434 152 3486 tur
175 3426 405 3510 „magistratus
430 3426 469 3489 de
486 3428 635 3490 corri'esso
652 3433 758 3490 sumat
780 3424 992 3512 supplicium“
1013 3429 1054 3510 ¹),
1076 3427 1109 3489 in
1132 3425 1203 3490 aliis
1226 3447 1280 3487 au-

98 3532 163 3585 tem
188 3524 281 3586 aliter
302 3523 468 3588 habentur.
541 3535 545 3540 '

181 3622 362 3708 Rescripsit
389 3624 494 3686 Divus
525 3624 683 3687 Severus:
713 3623 956 3706 „confessiones
986 3644 1113 3686 reorum
1143 3644 1202 3706 pro
1226 3644 1279 3684 ex-

98 3718 234 3804 ploratis
261 3720 461 3786 i'acinoribus
490 3722 602 3788 haberi
630 3747 697 3787 oon
727 3729 895 3807 oporterer
929 3721 963 3805 (l.
991 3724 1007 3784 1
1036 3726 1065 3802 ξ.
1100 3721 1136 3783 17
1168 3721 1207 3784 D.
1239 3720 1280 3784 cle

169 3990 192 4051 1)
208 3991 269 4041 Non
284 3993 402 4041 assentio
421 3993 543 4043 Geibio
570 4010 595 4057 p.
625 3996 673 4042 612
693 4009 718 4041 n.
745 3993 803 4052 983,
824 3995 850 4040 et
867 3992 949 4040 multo
968 3991 1054 4039 miuus
1073 3989 1279 4050 Rudorilio,

99 4075 175 4124 R'om.
194 4074 347 4124 R··Gesch.
372 4075 407 4134 II,
435 4077 483 4124 437
511 4092 535 4126 n.
561 4077 583 4136 7,
610 4077 655 4140 qni
681 4074 746 4124 haec
764 4075 843 4123 rerba
867 4076 943 4137 quasi
963 4075 1037 4135 ,eine
1057 4071 1279 4136 ungeheuerliclre

99 4158 210 4208 Fiktion
228 4158 315 4207 dieser
333 4157 514 4207 rhetorircheu
533 4155 771 4223 Uebungsstiiclre“
797 4157 921 4222 appellat.
957 4157 1044 4207 Verba
1063 4159 1191 4205 tieneea
1209 4171 1279 4205 rece-

98 4241 139 4306 pit
157 4257 189 4289 ex
208 4240 359 4290 Salustii
377 4241 533 4292 Catilinae.
552 4243 592 4302 52,
610 4243 655 4291 ubi
672 4243 819 4291 rectissime
837 4241 901 4289 dicit
918 4241 1000 4290 Cato
1018 4241 1075 4303 ,De
1088 4241 1216 4290 confessis
1228 4241 1279 4290 sie-

97 4327 138 4376 uti
156 4325 189 4374 do
207 4325 355 4377 manifestis
373 4341 459 4376 terum
477 4327 630 4391 capitalium
648 4343 720 4377 rnore
737 4324 866 4389 majorum
884 4325 1041 4390 supplicium
1061 4323 1242 4378 sumendurrr“.
