3082 4966
499 349 817 416 .-a1-

522 626 669 690 carus
691 621 901 690 uuarruu.
1260 667 1262 672 .

123 743 361 850 QUATENUS
399 742 501 834 lPSll
533 740 716 833 CIVITAS
732 729 765 851 ¹)
797 737 973 843 ABSQUE
998 733 1296 826 PRlVllTORUll

119 882 332 974 HOMINUM
378 876 768 972 lotuslllollssus
824 875 913 966 llllL
968 869 1295 962 DllNUllTlrlTIO-

328 1017 461 1110 NlBUS
492 1015 686 1108 OlthlNll
716 1010 980 1105 PllltSECUTll
1012 1009 1091 1101 SIT.

203 1202 238 1263 ln
266 1203 433 1266 criminum
463 1203 689 1287 persecutione
716 1200 933 1264 Romanorum
969 1196 1132 1258 civitatem
1162 1213 1181 1253 a
1209 1211 1293 1254 com-

116 1297 263 1380 pulsione
285 1299 447 1364 hominum
469 1301 678 1384 privatorum,
700 1307 734 1362 ut
756 1303 955 1372 accusarent,
977 1294 1081 1356 minus
1104 1289 1227 1354 directa
1252 1287 1294 1350 ad

116 1396 206 1480 leges
229 1398 352 1464 directe
374 1400 621 1484 praecipientes,
652 1405 686 1460 ut
718 1401 935 1472 accusaretur,
966 1389 1165 1476 proderetur,
1187 1386 1293 1450 trade-

115 1503 204 1558 retur
225 1499 345 1560 sensim
367 1501 567 1582 processisse
596 1499 784 1560 invenimus.
827 1493 934 1576 Magis
966 1491 1134 1574 magisque
1156 1489 1294 1572 impera-

113 1601 212 1672 tores,
234 1616 454 1679 quaecumque
477 1597 610 1660 crimina
642 1595 815 1659 commissa
838 1598 954 1666 essent,
978 1611 1016 1652 ea
1038 1587 1155 1666 omnia,
1176 1594 1211 1650 ut
1232 1586 1291 1650 uti-

115 1713 177 1775 que
199 1695 312 1775 poenis
334 1693 442 1778 legum
464 1696 663 1778 punirentur,
693 1693 823 1756 efficere
847 1689 956 1754 conati
978 1695 1059 1750 sunt.
1105 1683 1290 1748 Sententiae

109 1789 241 1874 jndices
262 1791 403 1856 tulerunt
424 1792 557 1856 famosis
578 1790 694 1856 libellis
716 1789 877 1868 commoti,
899 1786 985 1873 quod
1005 1786 1219 1869 imperatores
1238 1803 1290 1845 re-

113 1885 297 1970 probabant
329 1889 386 1953 sed
413 1890 544 1954 frustra.
586 1889 658 1954 Non
688 1885 894 1954 sufficiebant
928 1885 1071 1948 rationes
1107 1879 1290 1946 insectandi

113 1985 310 2050 scelerosos:
334 2009 373 2050 ne
396 1987 644 2052 calumniatores
673 1986 801 2073 quidem
829 1985 877 2048 his
903 1982 1009 2048 modis
1038 1979 1223 2046 necessario
1244 1977 1288 2042 le-

114 2085 165 2168 gis
195 2083 351 2150 Remniae
384 2095 416 2152 et
444 2086 572 2152 talionis
602 2107 740 2170 poenam
767 2083 980 2170 patiebantur.
1024 2080 1116 2165 Opus
1146 2086 1223 2156 erat,
1253 2068 1288 2139 ut

113 2182 193 2265 ipsis
220 2183 465 2267 magistratibus
494 2185 695 2248 intercedere
723 2185 844 2262 liceret,
875 2183 999 2266 quoties
1022 2179 1108 2244 salus
1135 2174 1286 2262 reipubli-

113 2301 172 2344 cae
194 2280 225 2343 id
250 2291 450 2366 exposceret.
492 2285 536 2346 at
564 2305 599 2346 re
631 2305 710 2346 vera
736 2304 801 2346 non
832 2287 1057 2365 exspectantes
1085 2279 1286 2362 privatorum

114 2381 353 2444 accusationem
377 2379 574 2465 incipiebant
588 2403 662 2444 reos
678 2382 866 2467 conquirere
883 2379 977 2452 etde
1001 2377 1188 2463 conquisitis
1210 2396 1285 2460 cog-

112 2500 254 2542 noscere.
299 2477 364 2544 Sed
394 2490 546 2564 quantum
577 2480 715 2544 Romani
745 2481 983 2546 accusationem
1014 2477 1214 2564 privatorum
1235 2498 1284 2540 re·

112 2575 222 2661 gulam
245 2577 408 2658 ducerent,
432 2578 536 2642 elucet
558 2601 575 2641 e
597 2579 756 2642 nonnullis
779 2580 972 2664 scriptorum
990 2578 1137 2664 jurisque
1160 2579 1284 2642 consul-

111 2684 216 2741 torum
239 2674 342 2755 dictis,
374 2677 478 2760 magis
507 2676 592 2761 quod
623 2687 780 2742 consueta
809 2679 913 2741 forma
943 2675 1158 2756 accusatorIa,
1186 2697 1283 2761 quam

111 2773 196 2858 quod
218 2773 437 2858 dispositionis
458 2776 653 2859 principium
673 2778 841 2840 evanuerit
863 2777 1056 2840 mirantium.

256 2871 430 2951 Plinius,
452 2895 503 2958 ep.
525 2873 564 2953 V,
587 2875 641 2938 13:
664 2875 770 2956 ,nullo
792 2879 995 2938 accusante“.
1036 2873 1282 2938 Ammianus

257 2971 527 3036 Marcellinus
550 2971 639 3052 XlV,
660 2975 689 3052 4,
709 2974 746 3055 53
767 2973 786 3036 l.
808 2973 829 3036 3
849 2975 914 3054 §.4
933 2973 975 3036 D.
996 2971 1046 3052 26,
1069 2971 1125 3054 103
1147 2973 1203 3036 cfr.
1224 2973 1280 3038 l.l

255 3092 302 3154 pr.
331 3057 369 3134 C.
396 3070 424 3150 9,
450 3072 472 3132 4
500 3069 540 3133 dc
576 3072 725 3136 custodia
752 3093 897 3136 reorum:
929 3070 948 3133 l.
970 3073 991 3134 4
1011 3069 1046 3135 C.
1069 3068 1109 3134 de
1132 3069 1280 3154 sepulcro

257 3168 377 3232 violato
398 3167 427 3250 9,
452 3168 498 3231 19.
769 3201 772 3206 -

107 3269 260 3330 Formam
282 3275 389 3331 autem
411 3267 626 3332 accusationis
656 3268 753 3332 etiam
784 3267 1001 3352 dispositionis
1022 3269 1180 3353 principio
1205 3267 1279 3332 sub-

106 3365 172 3430 lato
195 3362 342 3428 adhiberi
363 3365 553 3428 invenimus.

187 3462 271 3526 Nem
292 3462 340 3526 his
364 3461 488 3528 duabus
511 3462 691 3528 rationibus
713 3467 899 3530 necessitati
920 3464 982 3530 sibi
1003 3464 1201 3532 incumbenti
1215 3465 1277 3530 Ro-

106 3583 273 3624 manorum
303 3563 417 3625 civitas
450 3550 638 3626 satisfacere
670 3563 858 3644 conabatur,
891 3587 1023 3650 quarum
1056 3588 1153 3630 unam
1175 3566 1278 3632 altera

105 3661 249 3746 suppleri
269 3662 476 3726 manifestum
498 3671 560 3726 est:
582 3674 609 3725 et
632 3668 773 3743 officiales
792 3665 989 3748 investigare
1011 3663 1154 3728 homines
1177 3664 1276 3728 scele-

104 3781 196 3822 rosos
213 3758 342 3844 jubens,
364 3761 576 3844 investigatos
595 3759 760 3845 judicibus
783 3763 921 3843 tradere,
943 3762 996 3827 vel
1018 3769 1208 3826 accusantes
1223 3763 1275 3827 vel

103 3857 299 3940 indicantem
323 3866 355 3921 et
376 3867 449 3938 ipsa
463 3865 693 3940 manicantibus
703 3859 757 3943 jus
772 3859 873 3944 gladii
894 3859 1087 3925 habentibus
1102 3862 1276 3946 imperans,

104 3965 137 4019 ut
158 3975 232 4019 reos
254 3955 408 4038 facerent,
441 3957 565 4042 quoties
598 3959 819 4023 necessarium
842 3965 937 4022 esset.
978 3959 1121 4023 Primum
1143 3959 1273 4046 quidem

102 4054 199 4120 liceat
219 4053 313 4120 nobis
335 4054 374 4120 de
396 4064 512 4120 natura
535 4054 721 4122 officialium
741 4057 868 4123 illorum
890 4077 996 4142 agere.

174 4291 197 4355 1)
217 4294 275 4342 Hoc
293 4293 373 4344 verbo
392 4293 456 4343 mihi
474 4309 520 4358 pro
540 4290 645 4356 ,Stact‘
664 4295 703 4344 uti
719 4293 806 4346 liceat.
