3082 4966
742 380 949 444 -20-

258 564 355 648 positi
376 561 475 627 libelli
503 564 536 625 in
566 561 653 625 nullo
681 562 815 624 crimine
840 561 946 628 locum
979 562 1100 628 habere
1122 565 1252 630 debent.
1294 570 1378 632 Nam
1405 578 1441 632 et

256 663 390 746 pessimi
411 661 552 746 exempli
573 682 634 723 nec
653 661 754 722 nostri
782 658 903 724 saeculi
925 669 992 724 est“
1017 663 1132 746 (Plin.
1156 686 1205 750 cp.
1227 666 1269 747 X,
1290 667 1356 753 97).
1401 668 1438 733 Si

257 761 365 824 futura
386 759 532 841 vidisset,
554 760 674 822 rectius
699 779 778 840 „nec
799 765 899 822 solum
921 763 1023 826 nostri
1038 764 1160 826 sacculi
1183 770 1250 827 est“
1275 765 1438 846 dixisset3

255 883 330 924 nam
349 881 430 944 quae
453 866 630 943 sequuntur
650 856 780 920 saccula
797 879 897 941 usquc
912 858 954 922 ad
970 860 1188 928 Justinianum
1205 864 1320 928 codem
1348 867 1439 928 malo

255 960 385 1022 omnino
400 979 574 1043 numquam
591 955 728 1020 liberata
743 964 826 1018 suut.
848 957 950 1022 Totus
967 957 1098 1024 Codicis
1121 960 1339 1026 Theodosiani
1360 967 1437 1028 titu-

250 1057 301 1120 lus
323 1055 473 1120 XXXIV
493 1055 567 1119 libri
587 1058 664 1118 noni
694 1055 754 1133 „de
776 1055 911 1120 famosis
939 1057 1073 1122 libellis“
1097 1060 1174 1144 agit,
1196 1082 1330 1145 quarum
1354 1085 1433 1128 con-

253 1158 453 1220 stitutionum
476 1178 547 1233 una,
570 1177 674 1240 neque
697 1177 736 1218 ea
758 1156 889 1239 optima,
912 1155 964 1220 lex
987 1159 1082 1222 unica
1102 1158 1185 1224 tituli
1202 1161 1340 1224 Codicis·
1354 1163 1434 1225 Jus-

251 1257 385 1320 tinianei
415 1253 562 1318 XXXVI
597 1253 670 1316 libri
700 1255 777 1316 noni
808 1254 896 1318 faeta
926 1263 982 1318 est.
1033 1256 1160 1320 Primus
1196 1259 1431 1324 Constantinus

251 1353 478 1439 scriptionibus
500 1353 562 1416 illis
591 1354 725 1416 famosis
755 1353 873 1416 bellurn
903 1353 1072 1418 indixisse·
1089 1355 1226 1434 videtur,
1259 1366 1347 1422 certo
1371 1359 1433 1422 filii

250 1455 454 1538 persuasioni
483 1454 673 1532 assentiens,
700 1473 794 1531 „eum
827 1453 1031 1516 innocentem
1062 1453 1166 1532 credi,
1200 1457 1251 1518 cui
1288 1456 1434 1520 defuerit

249 1559 427 1632 accusator,
449 1573 521 1614 oum
543 1572 606 1614 non
630 1550 771 1613 defuerit
791 1551 958 1614 inimicust
982 1550 1016 1634 (l.
1037 1551 1058 1615 6
1080 1551 1114 1616 C.
1137 1552 1194 1616 Tb.
1218 1555 1313 1638 eod).

309 1650 474 1715 Crebrae
496 1657 603 1712 autem
628 1650 890 1715 constitutiones:
934 1651 1204 1714 Constantini
1226 1655 1307 1717 citra
1327 1655 1429 1718 Edic-

247 1758 313 1813 tum
331 1750 372 1813 de
394 1746 655 1813 accusationibus
672 1755 810 1832 quatuor
826 1748 860 1830 (l.
884 1751 980 1810 1--4
994 1749 1029 1812 C,
1045 1747 1101 1812 Tb.
1118 1750 1145 1812 h.
1162 1754 1209 1835 t),
1231 1752 1315 1816 duae
1330 1753 1428 1818 Con-

247 1849 399 1912 stantii
427 1848 459 1929 (l.
490 1845 520 1909 5.
551 1846 606 1929 6.),
638 1867 773 1929 quarum
806 1867 872 1908 una
893 1846 1003 1930 populi
1026 1849 1167 1912 animum
1188 1849 1324 1933 placans
1345 1875 1423 1916 eum

246 1948 432 2032 alloquitur:
476 1945 597 2028 ,Nemo
620 1965 753 2028 prorsus
783 1943 823 2006 de
852 1945 986 2008 famosis
1009 1944 1124 2010 libellis
1152 1949 1344 2014 calumniam
1365 1974 1426 2036 pa-

251 2049 378 2127 tiatur“,
401 2045 485 2108 duae
507 2043 800 2107 Valentiniani
831 2051 863 2106 et
891 2042 1091 2109 Valentis
1114 2048 1222 2130 (aunis
1242 2048 1313 2112 365.
1334 2049 1426 2134 368),

248 2168 314 2208 una
346 2143 653 2224 Valentiniani,
687 2141 935 2221 Theodosii,
964 2142 1139 2206 Arcadii
1173 2147 1216 2228 (a.
1242 2145 1329 2230 386),
1356 2171 1425 2212 una

242 2242 430 2322 Arcadii,
451 2241 642 2318 Honorii,
664 2239 897 2304 Theodosii
919 2245 963 2323 (a.
984 2240 1323 2324 406),Justiniani
1345 2269 1423 2312 con·
1528 2247 1529 2310 3

242 2343 363 2406 stitutio
385 2343 418 2404 iu
440 2340 458 2403 l.
482 2363 531 2403 un.
556 2340 591 2403 C.
613 2339 642 2416 9,
669 2339 710 2401 36
740 2339 990 2404 luculentissime
1017 2349 1185 2421 testantur,
1218 2343 1361 2408 famosos
1384 2347 1422 2408 li-

241 2441 343 2506 bellos
363 2463 422 2526 per
443 2447 542 2502 totam
566 2439 634 2502 fere
665 2439 895 2522 imperatorum
927 2447 1066 2502 aetatem
1090 2443 1121 2502 in
1146 2462 1205 2504 usu
1228 2443 1338 2523 fuisse,
1361 2465 1420 2527 po-

240 2541 307 2625 puli
329 2540 456 2626 quidem
480 2540 660 2602 excitantes
690 2546 811 2601 metum
828 2544 873 2600 'et
894 2539 1154 2621 persecutionem
1174 2541 1421 2624 imperatorum.

240 2639 327 2720 Quin
349 2640 446 2701 etiam
471 2644 745 2700 eorumauctores
767 2641 998 2716 inoestipundos
1019 2659 1075 2698 esse
1093 2636 1163 2721 jam
1179 2637 1419 2706 Constantinus

240 2739 421 2800 constituit:
451 2745 485 2798 ut
512 2736 650 2799 formam
683 2736 847 2814 leniorem,
884 2754 947 2817 qua
979 2735 1172 2818 principium
1206 2739 1415 2802 necessitatis
1451 2782 1455 2786 -

240 2835 344 2899 adhuc
366 2833 590 2915 exercebatur,
622 2835 824 2916 exstirparet,
854 2834 1050 2896 severiorem
1084 2837 1294 2919 magistratus
1325 2836 1419 2902 adbi-

238 2932 316 2998 bere
334 2934 441 3019 jussit.

320 3031 385 3095 Sed
407 3054 471 3094 non
494 3032 595 3094 solum
611 3030 671 3111 hio,
694 3031 791 3093 etiam
814 3029 894 3093 alias
910 3029 970 3093 bac
993 3030 1191 3114 procedendi
1205 3033 1310 3096 forma
1325 3036 1417 3118 prin-

236 3131 320 3214 cipio
336 3131 539 3194 necessitatis
554 3136 630 3192 tunc
646 3131 749 3214 magis
775 3127 903 3208 idonea,
926 3127 980 3190 ubi
996 3132 1098 3192 omnis
1110 3133 1278 3195 eriminum
1300 3155 1416 3216 perse-

236 3230 320 3292 cutio
348 3229 381 3292 in
410 3230 655 3312 magistratuum
685 3225 834 3291 manibus
860 3225 1017 3290 collocata
1049 3229 1117 3308 fuit,
1147 3227 1320 3294 utebantur
1349 3231 1415 3294 Ro—
1527 3277 1528 3288 ,

234 3328 330 3407 meni,
353 3347 446 3411 quam
470 3325 511 3389 ad
532 3348 600 3388 rem
622 3347 707 3388 nunc
727 3332 940 3390 transeamus.
