3082 4966
606 314 812 378 ...39-

93 495 243 558 minime
265 501 340 558 sunt
361 493 461 573 illata,
483 495 580 558 etiarn
611 497 658 558 sic
686 493 817 558 abolitio
849 516 924 568 non,
943 492 1072 558 dabitur
1093 494 1126 556 in
1148 493 1211 558 illis
1234 493 1293 556 cri·

95 593 250 657 minibus
273 593 345 676 (cir.
367 593 385 659 l.
408 595 428 654 2
450 594 486 656 O.
503 593 560 660 Th.
582 594 611 674 9,
633 593 673 656 37
697 593 736 656 de
753 590 851 678 aboi.)
869 603 902 656 ut
924 594 956 656 in
978 592 1100 656 violata
1120 593 1293 676 majestate

97 701 165 756 aut
188 695 294 776 patria
317 699 505 776 oppugnata
536 692 589 754 vel
620 692 748 776 prodita
779 699 834 754 aut
863 693 1031 776 peculatus
1067 690 1207 754 admisso
1238 697 1294 754 aut

99 792 325 854 sacramentis
357 789 505 869 desertis,
538 799 714 871 ommioque
743 815 822 870 quoe
845 799 918 868 iure
949 803 1047 854 vetere
1078 798 1291 869 continentur,

96 891 139 952 in
164 889 280 974 quibus
298 889 404 974 judex
419 910 482 950 non
506 891 610 952 minus
634 897 856 954 accusatorem
889 889 930 952 ad
954 889 1110 968 docenda,
1133 911 1214 974 quae
1239 888 1291 950 de-

96 989 188 1067 tulit,
211 1009 306 1072 quam
323 1009 414 1050 reum
437 987 479 1049 ael
501 987 681 1071 purganda,
705 1011 787 1074 quae
810 997 920 1072 negat,
943 986 1041 1050 debet
1063 994 1199 1072 urgere⁴¹
1223 986 1292 1073 (1.3

97 1093 134 1167 ἓ.
157 1089 179 1148 4
201 1085 295 1170 eol).
338 1084 402 1164 Qui
424 1085 629 1150 nihilominus
657 1085 698 1149 ab
724 1088 931 1150 accusatione
956 1085 1133 1164 destiterat,
1155 1108 1220 1150 non
1242 1107 1292 1148 so-

98 1185 171 1248 lum
188 1186 258 1268 ipse
274 1187 305 1248 in
322 1206 461 1268 poenam
482 1183 560 1248 soti
575 1183 749 1264 incidebat,
765 1185 823 1248 sed
839 1185 935 1247 etiarn
951 1185 1122 1266 instigator
1137 1183 1190 1246 vel
1204 1206 1292 1248 man-

102 1283 202 1346 dator
225 1284 295 1368 ojus
319 1285 400 1366 (arg.
423 1283 442 1344 l.
466 1289 480 1344 l
505 1287 524 1363 ξ
559 1282 597 1344 13
623 1283 660 1350 l).
683 1283 713 1347 h.
736 1290 755 1346 t.
778 1283 829 1362 48,
853 1283 917 1368 16),
939 1290 1076 1366 excepto
1101 1289 1290 1346 accusatore

101 1385 160 1466 qui
182 1383 343 1464 permissu
366 1383 579 1466 Imperatoris
604 1381 644 1444 ab
668 1383 875 1446 accusatione
902 1380 1080 1444 destitisset
1102 1381 1235 1466 (Paulus
1258 1383 1290 1446 in

101 1482 121 1546 l.
149 1481 188 1544 13
209 1486 238 1560 s.
264 1485 277 1542 l
302 1483 342 1544 l).
365 1480 451 1564 eod.)
471 1519 513 1530 --
534 1482 643 1565 itaque
666 1483 842 1564 imperator
860 1483 927 1566 juri
943 1481 1083 1544 civitatis
1105 1483 1290 1544 renuntiare

101 1589 236 1662 poterat
260 1605 314 1659 ψη
344 1599 440 1662 porro
473 1580 618 1662 exceptis
654 1578 842 1644 mulieribus
879 1589 911 1642 et
940 1578 1158 1662 minoribus1)
1187 1581 1289 1664 iisque

104 1678 169 1766 „de
193 1699 326 1762 quorum
351 1678 513 1742 calumnia
535 1679 589 1762 agi
611 1699 674 1740 non
698 1679 890 1762 permissum
914 1684 1012 1743 erati.
1034 1676 1118 1740 Nam
1140 1676 1187 1740 his
1211 1679 1291 1740 citra

99 1798 246 1860 poenam
271 1775 428 1840 desistere
452 1775 583 1840 licebat.
628 1775 693 1840 Sed
716 1778 865 1860 quisunt
888 1777 926 1856 ei,
949 1775 989 1838 de
1013 1797 1146 1859 quorum
1171 1774 1289 1839 calum-

101 1877 161 1938 nia
184 1897 247 1936 non
272 1875 405 1958 agitur?
447 1875 735 1938 Heri-mannus
766 1877 815 1938 vir
837 1875 969 1938 illustris
999 1873 1054 1956 (de
1077 1873 1203 1958 abolp
1234 1873 1289 1958 49)

102 1980 230 2053 censet,
252 1972 396 2055 intellegi
420 1971 539 2036 debere
563 1996 628 2050 coe,
651 1981 764 2036 contra
799 1995 878 2057 quos
910 1973 1057 2036 famosae
1080 1971 1119 2034 de
1143 1971 1215 2036 dolo
1238 1995 1289 2036 ac-

102 2072 210 2134 tionis
233 2093 309 2134 usus
332 2092 396 2134 nou
419 2071 476 2132 sit:
498 2079 533 2134 ut
554 2072 637 2136 inter
658 2069 778 2134 liberos
794 2079 826 2132 et
846 2077 1010 2154 parociae,
1033 2069 1165 2133 libertos
1188 2079 1219 2133 et
1234 2092 1288 2154 pa-

102 2178 228 2246 tronos
249 2167 398 2252 plebejos
421 2177 453 2232 et
476 2167 671 2247 consulares,
705 2176 809 2232 malae
840 2177 936 2232 notae
959 2167 1104 2232 homines
1128 2177 1160 2232 et
1180 2171 1288 2252 perso!

101 2289 165 2330 nas
188 2267 349 2343 honestes,
373 2287 475 2351 „quae
499 2267 611 2330 eadem
635 2267 728 2346 ratio,
751 2288 792 2330 ne
815 2267 884 2351 quis
907 2265 1042 2328 notandi
1065 2267 1134 2350 ejus
1157 2288 1287 2330 causam

101 2364 287 2448 praeberet,
310 2365 363 2428 cui
388 2363 522 2428 deberet
555 2364 797 2444 verecundiam,
819 2363 1030 2448 probabiliter
1052 2367 1149 2430 etiam
1172 2365 1287 2444 effecit,

103 2471 140 2526 ut
163 2466 191 2526 si
214 2465 284 2548 quis
308 2485 379 2530 oum
403 2473 599 2542 accusasset,
619 2486 640 2525 a
661 2485 722 2547 quo
754 2461 815 2526 sibi
837 2465 1005 2524 veneratio
1028 2461 1172 2540 debetur,
1195 2485 1215 2524 a
1237 2483 1288 2526 ca·

102 2563 246 2624 lumniae
271 2563 405 2648 judicio,
436 2563 529 2646 cujus
560 2569 592 2624 et
619 2584 719 2624 causa
750 2569 782 2624 et
815 2562 947 2624 effectus
977 2583 1049 2624 oum
1073 2561 1128 2624 illa
1150 2561 1190 2624 de
1213 2562 1286 2626 dolo

101 2662 232 2723 actione
254 2662 333 2723 mire
357 2668 547 2744 corrgruunt,
568 2659 649 2723 liber
672 2668 759 2723 esset
781 2683 819 2724 ac
843 2651 1007 2723 securus“.
1051 2658 1117 2722 Sed
1138 2659 1187 2722 vir
1210 2658 1283 2722 doc-

100 2761 247 2822 tissimus
269 2759 347 2822 mihi
370 2762 527 2842 ignoscat,
551 2761 578 2821 si
601 2758 762 2824 diversam
780 2761 973 2830 sententiam
998 2765 1202 2842 anteponam.
1224 2759 1286 2822 Re-

100 2859 271 2942 periuntur
294 2859 436 2936 erimina,
461 2881 542 2942 quae
560 2858 687 2921 deferre
703 2858 858 2920 Romanis
882 2858 1107 2936 „necessitatis
1123 2857 1285 2942 officium“

99 2955 283 3034 videbatur,
306 2979 438 3040 quorum
463 2965 670 3020 accusatores
693 2977 818 3040 poenae
842 2951 1033 3019 calumniae
1047 2979 1111 3018 non
1135 2955 1285 3042 subjicie-

100 3053 230 3120 bantur.
274 3057 386 3140 ltaque
411 3063 523 3134 mater,
545 3077 605 3117 nec
634 3077 698 3119 non
730 3063 905 3117 extraneus
927 3054 1031 3134 heres,
1056 3054 1109 3138 qui
1131 3054 1285 3138 suspicio-

99 3177 186 3234 nem,
210 3175 325 3238 „quam
350 3155 389 3217 de
414 3164 517 3216 morie
549 3177 608 3217 sua
637 3153 788 3216 habuisse
821 3151 994 3215 defunctus
1018 3155 1134 3231 eavit“,
1156 3153 1284 3238 exequi-

99 3261 165 3332 tur,
187 3252 248 3341 hoc
270 3256 399 3316 nomine
423 3278 442 3317 a
465 3253 626 3316 calumnia
649 3260 823 3316 excusatus
847 3262 904 3332 est,
929 3273 1045 3337 „quum
1069 3253 1152 3314 inter
1173 3251 1284 3316 volun·

101 3354 220 3416 tariani
244 3354 484 3416 accusationem
507 3369 538 3418 et
560 3351 659 3415 oflicii
680 3354 908 3416 necessitatem
932 3349 1060 3414 heredis
1083 3348 1216 3413 multum
1238 3351 1284 3412 in-

99 3452 213 3514 tersit“
245 3455 327 3534 (arg.
357 3451 374 3514 l.
407 3453 426 3514 2
456 3451 491 3517 Ο.
522 3451 562 3515 de
584 3451 806 3516 calumniator.
836 3450 865 3530 9,
888 3448 953 3534 46).
997 3451 1080 3514 item
1103 3447 1282 3512 calumniae

104 3643 400 3654 «anamma—nunni

170 3749 196 3814 1)
213 3752 275 3816 Arg.
292 3751 310 3804 1.
331 3755 341 3800 l
362 3753 386 3811 ἦ,
410 3754 440 3800 10
457 3753 490 3802 D.
510 3754 551 3813 48,
572 3755 603 3802 16
624 3753 657 3802 ad
683 3754 732 3804 SC.
752 3753 853 3818 Turpil.
890 3753 967 3814 Quod
984 3755 1080 3803 attinet
1104 3752 1137 3802 ad
1159 3754 1280 3814 minores,

100 3852 154 3885 non
180 3835 284 3884 obstare
313 3836 378 3884 mihi
407 3835 514 3885 videtur
541 3837 558 3885 l.
587 3839 617 3885 14
636 3836 658 3896 ἓ.
679 3839 695 3884 ‘2
714 3837 747 3884 D.
769 3838 809 3897 38,
828 3839 843 3885 2
862 3835 990 3886 debonis
1009 3837 1172 3897 libertorum,
1191 3852 1280 3900 quam·

100 3935 178 3984 quarn
197 3917 344 3983 fulgentem
362 3921 576 3968 Herrmanni
600 3917 788 3982 conjecturam,
813 3921 859 3984 qui
873 3919 940 3984 legit
960 3935 1056 3984 „quum
1074 3919 1186 3968 alterum
1204 3918 1228 3968 si
1244 3919 1280 3967 fs-

100 4004 180 4053 cisset
198 4003 226 4050 in
244 4002 427 4065 Turpilianus]
446 4001 655 4064 contunderet,
682 4001 796 4052 alterum
813 3999 983 4067 impetret11r“
1011 4004 1130 4066 accipere
1150 4017 1203 4050 non
1220 4017 1279 4066 pos-

101 4102 167 4135 sum.
202 4085 367 4148 Interpretor
384 4085 435 4134 hoc
450 4084 543 4133 modo:
561 4091 668 4136 accusat
680 4088 780 4148 minor3
798 4086 883 4150 major
901 4087 987 4137 factus
999 4087 1094 4151 recipit
1110 4085 1278 4134 sententiam.

100 4169 160 4219 Jam
178 4166 263 4230 major
280 4167 366 4218 lactus
395 4169 524 4219 desistore
549 4170 607 4218 sine
636 4169 782 4222 abolitione
801 4186 854 4222 non
871 4175 973 4236 potest;
991 4188 1040 4222 nec
1059 4171 1137 4222 facile
1155 4172 1278 4223 abolitio·

102 4268 161 4302 nem
180 4252 237 4301 sine
252 4249 327 4315 justa
345 4267 425 4302 cauea
444 4253 548 4317 recipit.
