3082 4966
749 358 954 422 ...12-

247 561 318 602 men
341 544 467 620 deferat,
487 544 624 602 deletum
643 542 804 617 approbet,
826 559 923 618 quum
940 543 1120 617 probaverit
1141 551 1169 600 et
1189 547 1355 602 victorium
1376 564 1432 604 re-

245 649 436 716 portaturus
457 647 485 698 et
506 641 658 715 ptoriom“
683 633 786 721 (386).

330 735 359 802 ῖ.
405 733 614 818 „Quicunque
635 739 861 814 maleficiorum
882 731 954 796 labe
970 733 1126 818 pollutum
1148 735 1295 814 audierit,
1318 742 1430 816 deprc-

199 884 202 892 ,
247 841 395 912 henderit,
419 841 627 913 occupaverit,
649 840 731 898 illico
753 840 796 896 od
807 837 969 912 publicum
990 840 1161 912 protrahat
1182 842 1215 896 et
1230 841 1432 912 ,iudiciorum

247 941 342 998 ocutis
363 940 536 996 communie
557 939 673 996 hostem
693 939 803 996 solunt
824 937 995 996 estendot“.
1024 932 1131 1014 Hujus
1152 932 1234 1017 legis
1257 941 1331 996 sunt
1353 957 1430 998 auo-

245 1040 332 1095 tores
354 1031 567 1115 imperatores
590 1029 838 1094 Valentinianus
859 1028 1063 1094 Theodosius
1087 1030 1248 1094 Arcadius
1273 1035 1316 1114 (a.
1338 1030 1429 1116 389.)

247 1138 279 1192 ct
302 1140 435 1214 reteepte
458 1136 507 1192 est
529 1128 561 1192 in
585 1128 709 1192 titulum
740 1129 776 1194 O.
803 1127 862 1195 Th.
891 1127 920 1208 9,
944 1127 982 1192 16
1005 1127 1045 1190 de
1070 1128 1225 1194 maleficis
1248 1137 1281 1192 et
1303 1129 1431 1196 mathe-

246 1227 374 1292 maticis
396 1253 436 1286 =
456 1227 475 1291 l.
498 1228 518 1290 9
539 1227 576 1294 O.
599 1225 628 1290 h.
650 1235 672 1293 t.
695 1226 724 1305 9,
748 1226 795 1292 18.

332 1325 361 1394 8.
404 1325 557 1390 Similiter
579 1325 657 1390 dicit
685 1325 738 1390 lex
759 1325 919 1391 Marciani
942 1326 985 1407 (a.
1008 1323 1101 1408 451):
1127 1324 1259 1412 „siqui
1282 1326 1428 1390 latrones

246 1451 298 1491 eeu
319 1432 389 1489 otiis
410 1430 592 1489 criminibus
614 1429 744 1490 obnoxii
765 1425 798 1488 in
820 1423 1027 1508 possessione
1050 1429 1181 1509 degunt,
1204 1423 1353 1488 dominus
1369 1475 1378 1492 .
1395 1475 1428 1491 ..

248 1532 305 1590 aut
326 1531 552 1608 procuratores
575 1571 582 1585 .
605 1569 612 1586 .
634 1575 641 1585 .
666 1575 670 1584 .
694 1530 779 1588 ultro
807 1546 858 1588 cos
885 1528 1029 1604 offerent,
1061 1531 1118 1586 aut
1145 1525 1174 1586 si
1204 1524 1344 1588 scientes
1367 1523 1431 1588 hoc

249 1630 365 1707 sponte
396 1643 462 1685 non
494 1622 640 1703 fecerint,
673 1622 906 1686 conveniantur
938 1644 958 1684 a
987 1621 1075 1686 civili
1097 1621 1214 1700 officio,
1238 1630 1273 1686 ut
1294 1629 1430 1686 trudunt

244 1726 439 1801 provinciali
454 1725 578 1798 tudinis
595 1740 650 1782 eos
672 1721 727 1804 qui
747 1720 964 1804 requiruntur,
986 1729 1081 1804 prout
1099 1720 1182 1806 juris
1208 1730 1258 1784 est
1282 1720 1342 1784 sub
1367 1743 1426 1784 ex·

249 1819 355 1882 amine
371 1818 492 1903 judicis
515 1816 728 1902 arguendos‘t.
750 1817 785 1882 si
815 1816 971 1882 militibus
991 1839 1072 1902 opus
1095 1827 1151 1898 est,
1169 1819 1273 1904 judex
1294 1820 1426 1904 provin-

249 1917 319 1980 ciae
341 1916 571 2000 eos'requirat‚
594 1923 648 1996 „ut
669 1906 843 2003 [scelerati]
874 1916 1023 2001 correpti,
1046 1919 1190 1982 accusati
1213 1920 1281 1983 sine
1303 1924 1422 1984 damno

249 2023 346 2099 atque
371 2013 515 2076 laesione
548 2013 740 2100 cujuslibet,
769 2013 897 2099 legibus
929 2015 1134 2084 offerantur“.
1156 2067 1164 2083 .
1187 2067 1221 2083 ..
1264 2016 1320 2098 „Si
1345 2039 1427 2082 vero

248 2120 323 2198 post
345 2111 574 2178 exhibitionem
604 2134 715 2178 eorum
743 2115 796 2198 qui
826 2122 1021 2180 accusantur
1054 2114 1243 2179 innoeentes
1272 2137 1345 2180 csse
1373 2137 1431 2200 pa-

123 2273 129 2286 ,
248 2213 354 2292 tuerit,
377 2221 585 2276 accusatores
607 2233 746 2296 poenam
781 2212 991 2297 (calumniae)
1022 2211 1131 2278 subire
1153 2220 1331 2298 cogantu1·“
1354 2213 1431 2293 (1.2

252 2310 288 2378 O.
311 2310 339 2390 9,
359 2310 400 2374 39
422 2312 461 2374 de
483 2308 533 2374 his
556 2313 609 2396 qui
631 2311 800 2394 latrones).

334 2411 362 2472 9.
405 2415 585 2475 Manichaei
606 2411 647 2474 ad
681 2419 804 2484 rectam
833 2409 929 2474 fidem
958 2410 1108 2476 conversi
1139 2411 1245 2474 socios
1267 2417 1430 2492 „trodcre“

251 2508 304 2572 vel
326 2515 482 2591 „defend
509 2507 664 2594 jubentur
684 2509 717 2572 in
739 2509 756 2574 l.
782 2513 820 2578 16
842 2511 877 2577 C.
901 2511 928 2590 1,
950 2509 970 2570 ὁ
990 2508 1030 2572 de
1052 2508 1171 2572 haeret.

312 2606 359 2672 10.
403 2607 601 2673 Iustinianus
629 2607 805 2692 imperator
834 2608 1051 2693 provinciales
1075 2607 1180 2694 jubet,
1203 2609 1230 2672 si
1261 2609 1431 2694 praesides

249 2727 362 2768 aurum
379 2709 567 2790 expugnare
583 2705 635 2768 vel
652 2727 730 2770 auro
743 2707 948 2791 jusvendere
965 2707 1279 2773 animadverterent:
1297 2706 1432 2789 „ilduino

250 2803 341 2887 ἔχειν,
363 2809 489 2888 μᾶλλον
509 2802 569 2887 μὲν
590 2797 652 2870 οὖν
672 2805 727 2870 καὶ
749 2804 898 2890 ἀνάγκην
919 2809 1021 2870 ταῦτα
1043 2805 1179 2890 μηνύειν
1200 2804 1232 2882 ἐς
1252 2801 1366 2889 dude-‘⁴

332 2901 453 2966 Omnes
487 2925 543 2966 eas
573 2905 818 2968 constitutiones
850 2906 978 2967 omnino
1009 2925 1105 2967 unam
1136 2903 1337 2989 eandemque
1360 2927 1429 2968 rem

251 3010 401 3086 spectare
422 3002 492 3086 quis
515 3003 639 3087 estqui
660 3025 725 3066 non
747 3003 952 3087 cognoscet?
994 3003 1062 3068 Sed
1080 3004 1149 3088 jam
1174 3025 1328 3088 quaeres:
1352 3025 1427 3088 qua-

250 3122 324 3164 nam
349 3101 411 3180 vie,
433 3122 496 3184 qua
517 3101 667 3166 ratione?
711 3101 807 3180 Quod
829 3103 961 3166 multum
985 3100 1084 3166 habet
1105 3100 1314 3169 difficultatis.
1344 3101 1429 3166 Nam

249 3197 352 3262 verba
371 3199 426 3263 illa
448 3221 560 3283 parum
576 3208 667 3264 certa
684 3208 825 3281 prodere,
842 3209 964 3268 tradere
986 3211 1050 3265 tam
1075 3202 1316 3266 accusationem
1333 3222 1428 3286 quum

250 3298 526 3364 denuntiationem
553 3299 738 3383 significare
774 3309 921 3384 possunt,
951 3323 1033 3386 quae
1062 3299 1190 3385 quidem
1222 3323 1275 3364 res
1312 3300 1429 3366 nullius

249 3399 404 3461 momenti
425 3406 474 3462 est
496 3397 602 3482 quoad
624 3399 739 3462 attinet
760 3398 802 3462 ad
825 3401 1018 3484 principium
1039 3400 1253 3480 necessitatis,
1275 3400 1333 3462 sed
1357 3421 1428 3484 per-

252 3497 373 3580 magni,
396 3495 503 3582 quoad
525 3498 640 3560 attinet
669 3497 711 3560 ad
740 3499 877 3562 formam
910 3498 1146 3562 accusatoriam
1180 3505 1235 3562 aut
1264 3498 1430 3583 inquisito-

251 3599 343 3661 riam.
364 3631 406 3642 --
426 3594 719 3660 Evidentissimum
741 3617 813 3660 esse
843 3597 983 3678 videtur,
1011 3596 1090 3681 quid
1121 3595 1265 3660 declaret
1296 3598 1431 3677 „offerre

246 3692 358 3778 judici,
384 3695 550 3758 severitati
568 3693 798 3779 judiciariae“;
821 3718 896 3760 nam
919 3702 1130 3775 comprehensi
1152 3695 1261 3760 offerri
1283 3694 1432 3760 dicuntur

250 3794 283 3856 in
304 3791 323 3855 l.
346 3793 364 3856 7
386 3793 422 3858 0.
444 3791 503 3860 Th.
525 3793 555 3873 t,
577 3792 632 3874 183
665 3801 697 3857 et
724 3815 879 3859 accusare
906 3793 1070 3879 nunquam
1099 3792 1236 3860 verbnm
1266 3793 1430 3877 offerendi,

251 3889 310 3955 sed
334 3912 463 3977 semper
494 3891 664 3958 deferendi
696 3901 865 3984 exaequat.
909 3891 983 3972 Qun
1011 3893 1051 3956 de
1086 3913 1186 3957 causa
1215 3893 1248 3956 id
1270 3892 1355 3978 quod
1382 3901 1431 3956 cst

253 3990 389 4072 „offerre
407 3990 530 4076 judici“
554 3991 648 4056 aliter
669 4013 734 4056 non
766 3993 972 4078 interpretor,
1003 4013 1098 4080 quam
1129 3989 1374 4078 magistratibus
1396 3991 1429 4056 in

251 4087 430 4153 custodiam
452 4095 614 4170 „tredend‘

402 4188 421 4252 l.
443 4188 464 4251 2
486 4209 534 4272 pr.
554 4188 590 4256 G.
612 4187 673 4252 Th.
692 4189 721 4268 9,
742 4191 780 4254 21
806 4188 846 4254 de
868 4189 952 4254 fclsa
972 4197 1119 4270 monetn3
1139 4189 1159 4254 l.
1181 4189 1220 4254 16
1243 4195 1277 4256 G.
1301 4191 1327 4270 l,
1347 4187 1367 4252 5
1389 4187 1429 4252 de

400 4285 537 4370 haeret.;
560 4287 577 4351 l.
600 4289 620 4352 2
642 4287 678 4353 O.
700 4288 729 4371 9,
750 4289 791 4353 39
813 4289 854 4352 de
876 4286 925 4352 his
951 4290 1005 4374 qui
1026 4287 1183 4371 latronem
