3082 4966
763 371 964 434 ‚.26..

317 555 322 562 '
361 550 557 636 Hujusmodi
581 551 720 614 officium
744 551 929 635 impositum
952 562 1001 613 est

363 667 394 744 1)
418 671 582 746 Praefectis
605 673 732 744 uipiium
752 669 776 747 1)
800 687 879 748 quos
910 666 1077 748 Augustus
1099 667 1236 728 instituit
1258 669 1342 750 (arg.
1366 665 1461 730 Sue-

276 765 384 826 tonii
408 765 491 848 Aug.
515 787 539 826 c.
563 763 629 846 30),
651 765 703 847 qui
726 786 837 826 ornnes
861 762 980 826 debent
1012 763 1188 849 majoribus
1209 763 1461 848 magistratibus

276 861 419 937 tradere,
440 862 479 924 de
502 861 617 947 quibus
640 863 703 944 ipsi
726 885 789 924 non
819 869 1038 946 competenter
1058 863 1214 947 judicent.
1259 861 1459 943 „Sciendum

276 971 324 1023 est
345 969 465 1039 autem,
487 960 563 1023 dicit
584 959 706 1023 Paulus
738 961 771 1023 in
792 959 809 1024 l.
833 961 853 1021 3
874 964 901 1040 ξ.
924 961 945 1022 5
969 961 1007 1026 D.
1034 964 1060 1038 l,
1085 958 1123 1022 15
1144 959 1171 1022 h.
1194 969 1224 1038 t,
1248 962 1455 1044 praefectum

276 1058 408 1142 vigilum
431 1066 610 1142 pertatem
643 1067 770 1121 noctem
803 1057 940 1142 vigilare
975 1057 1095 1121 debere
1119 1066 1151 1121 et
1173 1079 1324 1121 coercere
1347 1057 1453 1120 calca·
1522 1067 1523 1154 4

277 1164 342 1218 tum
366 1178 437 1219 eum
461 1155 562 1219 hamis
586 1165 618 1218 et
649 1155 820 1220 dolabris“.
867 1156 1063 1242 „Cognoscit
1091 1163 1197 1220 eutem
1229 1155 1269 1218 de
1291 1155 1456 1219 incendia·
1522 1161 1523 1206 l

275 1256 341 1335 riis,
365 1253 598 1334 effractoribus,
620 1254 814 1338 raptoribus,
837 1253 1093 1340 receptatoribus
1111 1259 1146 1336 2),
1168 1255 1230 1316 nisi
1252 1254 1279 1316 si
1301 1275 1366 1338 qua
1389 1261 1455 1316 tam

276 1361 370 1416 atrox
391 1361 521 1438 tamque
544 1354 668 1416 famosa
706 1375 846 1436 persona
880 1355 929 1432 sit,
962 1362 995 1415 ut
1026 1355 1192 1436 praefecto
1216 1352 1288 1415 urbi
1309 1354 1454 1414 remitta-

275 1457 344 1513 tur“
369 1451 494 1534 (l.3§.
521 1455 535 1513 1
561 1453 601 1517 D.
624 1449 719 1535 eod.)
762 1451 984 1534 Bienero³l
1017 1450 1258 1514 assentiendum
1281 1473 1353 1513 esse
1377 1458 1455 1533 puto
1522 1469 1523 1498 1

278 1547 406 1627 dicenti,
430 1555 667 1632 „cognoscere“
691 1548 836 1612 hocloco
860 1549 1071 1634 probabiliter
1085 1571 1143 1632 pro
1171 1571 1231 1628 „cx
1253 1549 1358 1612 officio
1379 1570 1454 1631 eog-

276 1655 431 1710 noscere“
455 1646 590 1732 intelligi
614 1645 750 1708 debere:
781 1647 984 1710 nihilominus
1017 1655 1124 1711 autem
1157 1656 1328 1731 praeterea
1359 1669 1454 1709 aecu-

278 1745 420 1808 sationes
444 1743 484 1806 ad
508 1765 563 1806 eos
588 1743 712 1807 deletas
735 1767 806 1806 esse
830 1754 944 1828 putare
968 1745 1050 1808 licet.

359 1859 392 1940 2)
438 1863 610 1922 Civitatem
631 1865 847 1940 defensoribus,
870 1864 1074 1937 curatoribus,
1104 1865 1345 1940 mapistratibus,
1368 1865 1450 1922 ordi·
1522 1893 1523 1940 4

278 1961 387 2036 aibas,-
424 1980 491 2042 arg.
525 1956 542 2018 l.
572 1957 592 2019 b
620 1967 652 2020 et
681 1955 757 2020 60.
780 1955 838 2022 Th.
862 1957 890 2037 9,
910 1955 930 2019 3
954 1955 992 2019 de
1017 1955 1123 2023 exhib.
1145 1957 1219 2036 reis,
1243 1957 1299 2019 cfr.
1322 1955 1339 2018 l.
1362 1957 1382 2018 6
1404 1979 1453 2040 pr.

281 2055 318 2117 O.
341 2055 369 2132 9,
390 2055 411 2117 4
432 2056 461 2122 h.
484 2062 505 2118 t.
1522 2115 1523 2132 1

359 2171 393 2255 3)
436 2177 615 2252 Defensores
637 2179 771 2236 ecciesiae
807 2172 894 2256 cogit
920 2171 1049 2234 tradere
1073 2193 1128 2234 eos
1150 2172 1201 2255 qui
1223 2171 1255 2232 in
1278 2169 1449 2234 ecclesiam

279 2269 483 2352 confugerint
505 2270 523 2334 l.
545 2269 564 2331 6
587 2275 614 2351 ξ.
639 2273 652 2332 1
676 2269 709 2333 C.
734 2273 761 2346 1,
785 2269 824 2336 13
847 2268 957 2332 dehis
980 2268 1088 2354 quiin
1111 2267 1263 2330 eeclesiis.
1522 2263 1523 2292 l

358 2386 394 2466 4)
437 2384 701 2462 Omnibuscoic
730 2384 772 2450 ἐν
803 2382 979 2468 &ginesii
1007 2381 1452 2468 στρατείαιςῆσυστὴ-
1522 2381 1523 2384 '

277 2507 375 2566 paor
397 2499 480 2548 τισι
502 2481 868 2566 καταλεγομένοις,
891 2481 976 2566 quod
1000 2483 1114 2546 attinet
1136 2480 1178 2544 ad
1199 2480 1379 2546 haereticos
1401 2483 1446 2544 in·
1522 2513 1523 2524 ¹

285 2589 334 2644 ter
357 2603 412 2644 eos
434 2583 581 2644 viventes
604 2585 647 2667 (a.
670 2580 688 2647 l.
713 2581 750 2644 16
773 2577 808 2644 C.
831 2583 857 2659 1,
878 2579 899 2642 5
922 2578 961 2642 de
984 2577 1190 2664 haereticis).

357 2696 487 2760 Causae
517 2694 723 2780 supradictae
760 2694 804 2760 nil
835 2693 955 2758 hebent
984 2693 1148 2777 singulare
1179 2715 1240 2758 nec
1268 2696 1354 2780 quod
1382 2697 1450 2781 dig·
1522 2697 1523 2766 s

278 2817 353 2858 num
376 2795 418 2858 sit
439 2795 640 2858 accuratiore
668 2795 926 2877 investigatione.
974 2795 1078 2858 Unum
1100 2801 1226 2856 tantum
1248 2794 1450 2858 animadver-
1522 2803 1523 2870 ἴ

277 2892 408 2960 tendum
431 2898 500 2956 est:
523 2891 664 2956 discerni
684 2901 859 2976 coeperunt
880 2891 1033 2975 postulati
1055 2915 1074 2956 a
1097 2891 1306 2976 deprebensis
1327 2895 1360 2958 in
1383 2917 1450 2960 sce·
1522 2879 1523 2972 4

279 2980 353 3070 lere,
376 3000 410 3054 ut
427 2992 494 3076 jam
519 2991 704 3055 Marcianus
727 3000 846 3071 censet,
880 2991 1079 3074 „postulatos
1100 3012 1172 3054 esse
1195 2990 1315 3058 debere
1337 3002 1393 3056 aut
1414 2995 1447 3058 in
1522 2975 1523 3064 4

279 3088 400 3152 scelere
423 3088 651 3173 deprehensus,
675 3098 708 3152 ut
730 3090 756 3154 si
778 3113 814 3154 se
844 3091 1067 3156 interfecerint
1089 3088 1175 3154 bona
1197 3113 1307 3154 eorum
1337 3092 1447 3156 eonfis-

279 3194 411 3250 centum
435 3187 469 3271 (l.
490 3189 510 3250 3
531 3210 579 3273 pr.
601 3188 641 3252 D.
663 3186 713 3268 48,
735 3187 754 3250 3
778 3187 817 3252 de
839 3187 986 3252 custodie
1006 3193 1159 3273 reorum),
1182 3211 1246 3254 nun
1268 3200 1447 3274 eapropter,
1522 3179 1523 3254 l

278 3285 363 3371 quod
386 3284 579 3371 deprehensi
600 3308 771 3371 numquam
789 3287 934 3350 accusati
956 3297 1064 3350 essent
1085 3292 1174 3372 (nam
1191 3288 1366 3354 accusabat
1386 3311 1449 3352 non

278 3383 444 3446 indicabat
473 3385 680 3468 „officium“),
719 3384 776 3448 sed
806 3392 890 3466 quart
914 3394 948 3448 in
979 3392 1177 3465 deprehensas
1205 3411 1304 3467 porro
1334 3411 1445 3468 semper
1522 3397 1523 3478 4

279 3489 373 3546 vetuti
393 3491 429 3547 in
447 3490 623 3562 postulatas
637 3489 755 3561 judices
777 3489 972 3564 quaerebant.

427 3587 632 3666 (argumento
662 3581 738 3644 sint:
767 3581 786 3649 L
813 3583 890 3649 20.
920 3583 948 3662 9,
970 3586 990 3644 4
1013 3582 1052 3645 de
1075 3583 1198 3650 custod.
1220 3605 1367 3664 reorum,
1390 3585 1446 3662 li

430 3679 464 3744 O.
487 3679 516 3758 9,
536 3678 578 3742 20
599 3680 641 3744 ed
662 3679 725 3764 leg.
755 3679 935 3745 Favianam
959 3680 1000 3744 de
1021 3679 1274 3766 plagiatoribus3
1296 3684 1341 3750 tit.
1363 3683 1399 3748 O.
1417 3683 1446 3764 6,

281 3891 575 3903 m*

347 4044 372 4108 1)
389 4047 431 4098 De
449 4047 490 4098 his
510 4048 678 4106 conferantur
703 4049 743 4098 tit.
768 4049 802 4098 D.
831 4052 852 4111 1,
881 4051 911 4100 15
938 4049 971 4100 ds
988 4050 1053 4100 offic.
1072 4050 1155 4114 prael.
1171 4050 1295 4116 vigilum
1314 4052 1347 4100 tit
1374 4052 1402 4102 O.
1421 4055 1444 4114 1,
1522 4021 1523 4108 4

280 4131 777 4181 ssu.s.N0v011aJusunisntv111.
814 4131 898 4182 usit
915 4149 940 4197 p.
958 4135 1018 4184 449.
1522 4127 1523 4198 4

346 4211 372 4278 2)
390 4215 559 4265 Justiuianus
575 4214 643 4264 Noa·
661 4215 726 4264 v111
746 4230 835 4264 eorum
853 4217 1038 4267 auctoritatem
1056 4215 1132 4267 valde
1150 4215 1333 4282 amplificavit.

345 4296 372 4362 b)
390 4297 549 4350 Gnathichts
567 4297 614 4349 des
631 4298 819 4362 luania-Pron.
836 4314 862 4363 p.
881 4301 920 4351 12.
