3082 4966
742 357 947 424 ...10-

256 539 325 622 jam
347 537 446 602 multo
479 547 585 616 antea,
611 547 643 601 et
664 539 856 623 praesertim
879 540 911 602 in
934 539 1068 602 erimine
1097 535 1351 622 repetundarum
1370 536 1459 620 jam

260 637 434 721 incipiente
452 638 683 720 imperatorum
700 645 817 716 aetate,
834 637 1088 722 compulsionem
1104 633 1290 720 hujusmodi
1303 633 1462 718 reperiri

261 737 416 817 affirnrat3
439 735 507 798 sive
530 743 680 798 senatum'
693 736 762 798 sive
785 737 888 820 ipsum
912 735 1141 819 imperatorem
1165 739 1271 796 certos
1293 729 1462 794 homines

261 833 302 898 ad
326 855 400 896 reos
424 832 617 916 deferendos
639 835 769 918 cogisse
792 841 975 900 asseverat:
998 833 1105 917 itaque
1127 829 1369 894 Diocletianum
1410 827 1462 890 ad

209 999 211 1004 ,
260 955 327 995 rem
352 955 422 995 eam
446 932 579 1015 pessimi
600 932 739 1017 exempli
761 931 935 998 tollendam
952 931 1159 1016 rescripsisse
1183 949 1297 1009 „nemo
1319 929 1460 990 invitus

261 1052 416 1094 accusare
441 1035 608 1112 cogatur“.
650 1029 717 1094 Sed
738 1031 766 1096 si
788 1033 973 1118 fragmenta
1001 1029 1137 1093 fontium
1161 1027 1345 1091 accuratius
1369 1049 1460 1089 con-

261 1129 523 1206 sideravcrimus,
548 1125 663 1212 quibus
687 1126 859 1194 Geibius
890 1127 1091 1213 argumentis
1120 1127 1241 1205 nititur,
1263 1125 1458 1189 Tacitus

260 1227 388 1312 quidem
411 1226 542 1308 (Annal.
567 1225 698 1306 1V‚29)
732 1237 764 1290 et
784 1228 947 1292 Plinius
971 1227 1036 1314 (ep.
1059 1225 1116 1304 Vl,
1136 1223 1174 1287 31
1198 1222 1249 1290 ed.
1270 1221 1458 1311 Teubner)

259 1326 304 1388 nil
325 1323 411 1388 aliud
433 1325 586 1388 referunt.
610 1345 705 1408 quam
729 1323 770 1388 ab
792 1327 1001 1392 accusatione
1023 1332 1098 1410 post
1119 1323 1366 1406 inscriptionem
1383 1345 1458 1386 sua

260 1432 374 1508 sponte
397 1431 619 1486 accusatorem
637 1423 795 1488 desistere
818 1448 881 1488 non
904 1443 1000 1510 posse
1024 1431 1056 1486 et
1077 1423 1131 1508 qui
1149 1420 1306 1485 desistere
1329 1423 1457 1484 conati

261 1529 379 1603 essent,
401 1523 443 1586 ad
466 1543 536 1584 eam
559 1521 801 1606 perducendam
831 1546 902 1588 csse
932 1521 1108 1604 cogendos.
1150 1519 1194 1582 Et
1216 1519 1300 1604 quod
1324 1521 1457 1582 attinet

259 1621 301 1684 ad
324 1621 445 1684 crimen
461 1618 724 1704 repetundarum,
745 1645 840 1686 nemo
856 1625 984 1707 cogitur
1003 1629 1037 1684 ut
1059 1625 1206 1700 accuset3
1235 1625 1287 1682 sect
1306 1631 1342 1682 ot
1363 1643 1456 1698 pro-

262 1726 443 1784 uincialium
464 1726 676 1784 accusationes
702 1727 850 1785 advocati
878 1728 946 1784 loco
977 1726 1104 1798 adjuvet
1131 1725 1265 1801 sortasse
1287 1726 1457 1798 quispiam

263 1825 433 1898 impellitur
442 1844 453 1896 ,·

408 1917 499 1982 Tac.
521 1917 637 1984 Annal.
660 1917 733 1998 XV,
754 1919 804 1986 21.
826 1916 931 1982 Plin.
954 1939 1002 2001 ep.
1023 1917 1065 1999 ll,
1090 1917 1146 1998 113
1169 1917 1226 1996 lll,
1245 1918 1283 1997 43
1312 1913 1452 1996 v1,29;

409 2013 481 2094 VH,
502 2014 559 2094 333
582 2013 624 2096 X,
645 2017 682 2096 ὃς
1249 2017 1252 2022 ’

262 2111 346 2197 quod
382 2110 521 2174 dilucide
552 2112 681 2179 Plinii
711 2114 848 2197 epistola
882 2114 936 2194 Vl,
965 2112 1007 2176 29
1027 2109 1228 2196 comprobat,
1249 2113 1343 2197 eujus
1367 2120 1453 2175 sunt

261 2209 377 2274 verba:
400 2209 666 2295 „Nonnumquam
683 2213 879 2291 necessitati,
903 2233 986 2296 quae
1009 2234 1085 2296 pars
1106 2211 1241 2274 rationis
1257 2217 1315 2289 est,
1335 2211 1448 2294 parui

263 2309 326 2393 Egi
350 2309 436 2372 enim
458 2309 616 2392 quasdam
641 2309 813 2396 [causasla
835 2318 1078 2389 senatujossus:
1102 2310 1194 2374 adfui
1207 2309 1351 2374 Baeticis
1367 2331 1449 2374 con-

263 2417 314 2472 tra
336 2405 494 2470 Baebium
516 2407 661 2472 Massam
684 2459 691 2472 .
715 2457 723 2476 .
744 2459 752 2475 .
774 2433 798 2490 ,3
822 2410 912 2473 adfui
934 2431 1045 2473 rursus
1073 2408 1189 2472 iisdem
1212 2408 1449 2494 quaerentibus

264 2506 304 2570 de
320 2504 463 2570 Caecilio
480 2505 657 2586 Classico“,
680 2508 801 2570 sicam
823 2507 1019 2572 conferimus
1041 2529 1113 2570 oum
1136 2505 1273 2590 epistola
1295 2505 1448 2586 V11,23:

264 2604 431 2685 „Dederat
451 2625 503 2668 me
534 2610 666 2668 senatus
694 2643 737 2654 -
760 2606 956 2670 advocatum
977 2606 1167 2690 provinciae
1188 2604 1341 2669 Baeticae
1364 2626 1445 2666 con-

263 2713 314 2766 tra
333 2700 491 2765 Baebium
512 2701 688 2768 Massam“.

345 2802 414 2866 Nec
435 2802 541 2886 magis
563 2803 596 2866 iu
618 2801 770 2866 adulterii
799 2802 932 2866 erimine
961 2801 1104 2866 assentio
1136 2797 1287 2864 Geibio
1310 2799 1355 2885 (p.
1378 2799 1448 2863 460

263 2925 293 2968 n.
315 2900 381 2986 99),
404 2902 458 2985 qui
480 2902 577 2964 etiam
600 2899 652 2966 bic
680 2903 795 2966 marito
826 2902 1054 2966 necessitatem
1083 2900 1317 2984 persecutionis
1338 2899 1446 2984 impo-

264 3000 359 3063 sitam
382 3020 454 3063 esse
477 2997 654 3064 arbitratur
672 3000 708 3088 ¹).

345 3097 411 3162 Sed
434 3098 530 3162 valde
553 3097 594 3164 ab
617 3097 666 3164 bis
689 3099 840 3164 differunt
861 3121 966 3178 casus,
989 3099 1043 3184 qui
1064 3120 1150 3162 nunc
1172 3107 1347 3183 sequentur
1363 3102 1406 3176 ²):

346 3200 373 3262 1.
417 3203 670 3263 Praevortcatio:
713 3197 748 3262 si
777 3199 847 3282 quis
877 3206 1011 3262 accusat
1041 3197 1179 3284 aliquem
1209 3197 1357 3282 ejusdem
1381 3201 1444 3260 cri-

263 3295 368 3375 minis,
390 3315 452 3379 quo
474 3318 548 3359 reus
566 3297 636 3382 jam
658 3297 766 3380 priore
779 3295 903 3380 judicio
926 3313 975 3364 est
990 3295 1166 3377 absolutus,
1199 3295 1377 3360 secundum
1389 3297 1443 3381 ju-

262 3395 307 3456 ris
329 3392 452 3477 publici
480 3394 618 3458 sormam
647 3394 938 3479 praevaricationis
971 3415 1109 3479 arguere
1140 3392 1237 3458 debet
1271 3415 1354 3474 eum,
1386 3395 1443 3478 qui

263 3493 403 3576 primum
424 3514 515 3556 reum
538 3491 771 3577 postulaverat.

411 3613 479 3674 arg.
502 3592 521 3658 l.
543 3593 563 3654 2
592 3592 633 3670 D,
653 3592 704 3673 43,
732 3593 774 3656 29
801 3591 842 3656 de
870 3591 998 3654 bomine
1028 3589 1130 3656 libero
1159 3587 1360 3670 exbibend03
1382 3589 1444 3656 l3

410 3695 440 3771 g.
456 3693 472 3752 1
490 3690 531 3756 D.
547 3689 587 3752 de
602 3691 882 3774 praevaricatione
896 3689 946 3769 47,
970 3688 1026 3770 153
1048 3688 1067 3755 l.
1084 3689 1120 3752 ll
1139 3688 1174 3755 0.
1190 3686 1230 3752 de
1246 3707 1352 3755 accus.
1368 3688 1398 3766 9,
1412 3687 1441 3750 2.

264 3787 357 3869 Quae
379 3789 629 3873 praevaricatio,
651 3787 733 3852 siin
756 3786 886 3873 publico
904 3788 1029 3874 judicio
1051 3787 1169 3868 evcnit,
1190 3787 1225 3850 lit
1246 3786 1319 3870 ipsa
1339 3784 1442 3870 publi-

332 4115 356 4180 1)
374 4115 567 4178 Wascbter‚
585 4115 799 4180 abhandlungen
818 4129 867 4165 aus
884 4112 944 4162 dem
963 4112 1111 4163 Strasrscht
1128 4112 1146 4174 l,
1164 4128 1190 4177 p.
1211 4111 1350 4172 104-106,
1363 4125 1441 4174 quem

264 4201 364 4266 allegat
382 4199 527 4250 Geibins
544 4199 563 4250 l.
581 4215 604 4248 o.
622 4199 729 4250 divortii
746 4198 832 4250 solum
849 4197 1017 4248 necessitatis
1034 4196 1196 4246 mentionem
1213 4196 1286 4245 lacit.

330 4283 357 4346 2)
375 4283 385 4333 l
416 4287 426 4332 l
445 4285 468 4344 ξ.
487 4285 503 4333 3
521 4283 550 4334 Ο.
570 4283 616 4345 xl,
634 4285 650 4333 4
669 4282 701 4332 de
714 4283 842 4347 fugitivis,
865 4297 919 4331 non
932 4280 965 4331 ad
977 4295 1129 4346 processum
1141 4277 1304 4329 criminalem
1315 4276 1439 4342 pertinet.
