3082 4966
760 417 962 480 ..1ss-

246 641 249 647 -
278 619 342 662 non
380 599 503 662 occulte
541 597 767 661 denuntiantes
786 601 821 680 ¹),
850 597 907 660 sed
948 599 1055 663 omnia
1089 597 1257 664 turbantes
1295 599 1462 665 delatores

281 699 439 760 acerrime
463 697 536 759 odic
558 696 695 781 populns
718 697 894 760 insectatus
916 704 965 760 est
981 702 1016 772 ²).

361 795 441 862 Cum
460 797 529 881 jam
553 795 632 862 satis
655 805 807 860 constare
830 796 988 876 videatur,
1012 795 1173 860 delatores
1195 819 1259 860 non
1282 795 1461 890 indicasse,

279 896 338 958 sed
347 916 529 975 accusasse,
544 904 653 958 tamen
664 894 706 958 ad
719 894 990 959 corroborandum
1008 896 1091 980 quod
1109 897 1185 975 dixi,
1203 895 1350 960 omnibus
1367 897 1461 990 locis,

281 993 398 1079 quibus
421 995 527 1068 fontes
549 997 652 1058 nostri
674 1017 714 1058 ex
735 995 882 1079 professo
904 995 944 1058 de
967 992 1166 1058 delatoribus
1188 1004 1289 1078 agant
1310 996 1379 1060 fisci
1402 996 1460 1057 de·

281 1094 399 1158 latores
429 1093 564 1176 intelligi
595 1092 729 1171 debere,
757 1095 821 1156 duc
849 1093 911 1160 loci
939 1092 1017 1158 mihi
1049 1103 1122 1156 sunt
1155 1094 1369 1177 explanandi:
1393 1095 1410 1156 l.
1437 1095 1457 1156 6

278 1195 313 1256 0.
337 1193 384 1273 10,
408 1197 442 1256 11
462 1192 502 1256 de
518 1191 714 1258 delatoribus
731 1201 762 1256 et
778 1193 896 1258 Paulus
919 1192 950 1259 S.
968 1193 1004 1272 V,
1022 1191 1059 1256 13
1081 1197 1110 1273 §-
1125 1192 1145 1253 3
1160 1191 1187 1254 h.
1204 1201 1234 1271 t.,
1255 1191 1310 1258 ubi
1325 1192 1455 1258 deferre

278 1313 341 1356 non
358 1293 485 1356 deferre
497 1291 536 1354 ad
553 1293 675 1371 fiscum,
691 1291 748 1355 sed
767 1291 894 1356 deferre
908 1291 1149 1354 criminisreum
1159 1291 1342 1373 significare
1358 1290 1456 1356 facile

281 1393 351 1474 quis
376 1389 496 1457 credat.
540 1390 640 1476 Cujus
663 1391 781 1474 prioris
803 1389 904 1454 verba
926 1388 1007 1454 haec
1030 1398 1110 1454 sunt.
1155 1389 1309 1469 „Servum
1334 1391 1456 1454 domini

280 1491 457 1556 delatorem
477 1489 629 1576 jubemus
651 1488 884 1573 inexemplum
908 1490 1046 1552 omnium
1065 1488 1263 1572 proditorum
1287 1491 1455 1552 severissi-

279 1612 352 1654 mae
375 1591 556 1653 sententiae
580 1587 759 1674 subjugari,
781 1589 909 1652 etiamsi
939 1586 1070 1672 objecta
1099 1586 1295 1670 probaverit,
1316 1597 1453 1672 excepto

279 1690 412 1752 crimine
437 1689 649 1773 majestatis“.
692 1686 759 1750 Sed
780 1689 812 1750 in
835 1686 854 1754 l.
877 1686 895 1748 8
917 1691 945 1768 ξ.
967 1686 986 1749 0
1009 1687 1045 1750 O.
1075 1685 1145 1753 eod.
1166 1686 1297 1750 dicitur:
1320 1709 1450 1768 „eorum

278 1787 323 1870 (id
348 1795 396 1850 est
417 1785 651 1871 publicatorum
674 1793 806 1870 propter
834 1784 1101 1870 perduellionem)
1123 1787 1339 1850 nuntiatorem
1363 1786 1450 1850 dela-

276 1893 378 1948 torem
407 1907 471 1950 ncn
504 1885 625 1963 vocari,
647 1884 705 1948 sed
726 1892 851 1967 promte
875 1885 1031 1967 suscipi“;
1058 1885 1166 1968 itaque
1189 1885 1373 1950 constitutio
1395 1887 1451 1950 illa

278 1985 434 2068 permittit
456 1983 567 2060 servis,
589 1979 755 2066 publicata
774 1989 907 2066 propter
935 1982 1054 2044 crimen
1087 1985 1267 2068 majestatis
1288 1983 1374 2048 bone
1395 1985 1450 2048 do-

276 2086 436 2146 minorum
460 2103 585 2167 quoque
608 2079 650 2144 ad
678 2081 790 2144 fiscum
820 2080 954 2144 deferre.
998 2081 1124 2144 Omittit
1159 2082 1274 2148 Codex
1303 2082 1450 2146 Theode-

280 2183 390 2246 sianus
413 2180 515 2244 verba
538 2189 694 2264 „excepto
717 2181 849 2244 crimine
872 2180 1072 2264 majestatie*
1090 2179 1122 2265 (l.
1140 2180 1451 2264 170.Th.10,10)‚

277 2277 361 2365 quod
383 2287 492 2342 tamen
512 2278 556 2342 nil
580 2281 681 2342 refert
703 2278 744 2341 ad
765 2276 1020 2362 impugnandam
1043 2279 1351 2364 interpretationem.

357 2377 510 2442 Similiter
533 2376 611 2440 dicit
632 2377 750 2440 Paulus
772 2378 790 2439 l.
813 2398 838 2438 c.
863 2378 1037 2457 „Damnati
1065 2378 1160 2457 servi,
1191 2379 1258 2442 sire
1282 2388 1355 2461 post
1377 2402 1448 2442 sen-

276 2479 409 2542 tentiam
433 2478 501 2540 sive
524 2484 599 2540 ante
615 2477 807 2540 sententiam
831 2474 1031 2538 dominorum
1048 2475 1194 2538 facinora
1210 2477 1449 2556 confessisunt,

276 2575 362 2639 nullo
384 2575 479 2638 modo
503 2575 683 2653 audiuntur,
704 2575 765 2638 nisi
788 2575 871 2637 forte
887 2594 961 2636 reos
984 2573 1134 2636 deferant
1156 2575 1366 2658 majestatis“.
1388 2575 1449 2637 Pa-

275 2674 456 2760 ragraphns
485 2673 629 2738 secunda
656 2671 726 2742 eod.
761 2674 828 2758 agit
857 2671 897 2735 de
930 2680 1031 2738 servis
1067 2671 1247 2751 fiscalibus,
1278 2682 1309 2738 et
1338 2675 1449 2736 statuit

276 2771 352 2858 quid
375 2772 501 2836 deferre
523 2775 562 2838 iis
584 2773 701 2838 liceret.
746 2769 964 2851 Quamobrem
996 2770 1158 2851 „damnati
1188 2773 1292 2836 servi“
1315 2793 1379 2836 non
1402 2773 1448 2835 in·

274 2871 376 2955 telligi
397 2879 548 2956 possunt:
571 2873 657 2934 servi
679 2873 838 2934 sententia
861 2868 1013 2947 damnati,
1035 2870 1092 2934 scd
1115 2873 1200 2934 servi
1223 2870 1447 2936 damnatorum

275 2969 464 3050 dominorm,
486 2973 540 3056 qui
561 2970 621 3034 hcc
641 2969 737 3034 modo
760 2970 847 3032 servi
868 2967 995 3031 fiscales
1017 2968 1095 3032 facti
1117 2978 1196 3032 sunt.
1221 2973 1332 3055 ltaque
1354 2991 1447 3054 para-

275 3069 417 3153 graphus
439 3070 535 3134 tertia
556 3068 682 3153 supplet
705 3067 890 3147 secundam,
912 3088 1015 3150 neque
1038 3067 1134 3130 aliam
1157 3069 1299 3133 eontinet
1321 3075 1447 3130 senten·

274 3169 353 3232 tiam
375 3190 471 3253 quam
493 3169 677 3232 constitutio
701 3167 842 3252 allegata
864 3165 898 3247 (l.
920 3164 939 3228 6
962 3164 998 3228 O.
1023 3165 1070 3246 10,
1093 3169 1155 3253 11).

359 3266 434 3329 Jam
465 3267 564 3351 igitur
591 3266 651 3328 hac
680 3266 885 3350 inquisitione
914 3271 1063 3346 peracta,
1097 3285 1191 3350 quam
1223 3268 1345 3330 evitare
1382 3288 1445 3328 ncn

276 3364 446 3448 potuimus,
468 3363 528 3427 hoc
551 3371 700 3428 constare
722 3363 952 3426 intelleximus:

423 3465 454 3548 1)
478 3462 677 3526 deferentem
707 3483 806 3545 saepe
837 3483 931 3526 unum
955 3461 1157 3548 eundemque
1181 3485 1252 3526 esse
1275 3471 1370 3548 atque
1392 3485 1445 3526 nc-

486 3583 560 3624 men
583 3559 792 3641 deferentem,
815 3561 923 3644 itaque
945 3559 987 3622 ab
1009 3570 1183 3626 accusante
1205 3561 1364 3642 discerni3

420 3662 454 3744 2)
478 3659 654 3724 delatorem
684 3681 747 3724 non
778 3660 884 3722 minus
913 3680 987 3722 raro
1009 3683 1119 3744 parem
1143 3683 1214 3726 esse
1237 3661 1446 3726 criminaliter
1522 3663 1523 3690 ³

484 3760 671 3841 accusanti3

273 3976 567 3988 -η--ι--α--ι-ι--ι-

340 4092 364 4158 1)
382 4095 470 4146 Verbo
489 4091 676 4156 „denuntiare“
705 4097 771 4153 utor,
794 4109 953 4160 quemquam
981 4098 1030 4146 lcti
1056 4097 1167 4147 Romani
1192 4097 1242 4146 hcc
1267 4099 1374 4148 verbum
1392 4098 1444 4146 alio

272 4193 353 4240 sensu
372 4177 496 4227 adhibere
514 4176 636 4226 solebant
653 4191 707 4240 arg.
727 4177 742 4224 1,
766 4178 794 4224 17
813 4193 851 4240 pr.
870 4178 892 4236 ξ.
916 4181 926 4225 1
946 4178 979 4228 D.
997 4179 1029 4227 ad
1057 4180 1107 4243 leg.
1127 4181 1180 4228 Jul.
1201 4180 1234 4228 de
1251 4179 1334 4229 adult.
1352 4181 1393 4240 48,
1412 4184 1443 4240 5;
1520 4217 1521 4228 a

271 4262 288 4310 l.
309 4263 323 4310 7
342 4263 374 4311 D.
393 4260 425 4310 de
443 4259 533 4308 inuoff.
549 4263 608 4309 test.
627 4261 650 4318 5,
665 4261 691 4319 ‘23
710 4258 727 4308 l.
747 4261 760 4306 7
775 4259 803 4308 C.
818 4258 866 4306 rh.
880 4259 912 4308 de
924 4263 999 4324 petit.
1020 4261 1055 4320 10,
1071 4263 1116 4321 103
1136 4261 1151 4311 l.
1165 4265 1179 4310 9
1195 4261 1218 4321 ᾖ.
1234 4265 1245 4310 1
1262 4262 1291 4312 0.
1306 4256 1354 4312 rh.
1369 4263 1407 4322 10,
1421 4265 1444 4309 ὁ.

338 4345 364 4400 1)
383 4342 540 4392 conferatur
557 4342 589 4390 de
607 4341 648 4389 his
666 4341 744 4390 rebus
764 4341 891 4404 Hosek,
910 4343 1050 4394 Rtimische
1063 4343 1219 4394 Geschichte
1238 4345 1277 4397 lll
1299 4360 1323 4408 p.
1343 4345 1374 4394 77
1387 4361 1443 4412 seq.
