3082 4966
639 355 827 420 ..5-

131 536 194 600 His
218 544 326 600 autem
350 534 478 619 legibus
500 527 640 619 plurima
661 535 919 620 gravissimaque
936 536 1070 599 crimina
1093 538 1315 616 continentum

132 635 179 697 ita
199 643 366 699 uteorum
390 634 571 714 criminum,
594 655 729 718 quorum
759 635 907 697 executio
930 633 1026 698 laesis
1049 633 1150 697 solum
1173 631 1316 718 patebat,

132 741 199 797 tam
225 754 378 797 numerus
402 755 496 818 quam
521 732 647 818 pondus
671 730 809 818 publicis
838 730 970 816 judiciis
994 733 1144 817 postponi
1166 729 1316 797 debeant.

218 833 329 897 Cuivis
357 840 470 916 patero
502 832 741 894 accusationem
772 829 817 892 ita
848 840 956 893 tamen
983 829 1228 914 intelligendum
1251 836 1316 892 est:
1399 841 1402 850 ’

134 932 281 1016 exceptis
305 929 502 1010 mulieribus,
538 927 770 1014 impuberibus,
791 927 961 1010 militibus,
983 926 1227 1012 magistratibus
1249 949 1315 988 ma-

130 1029 264 1114 joribus,
286 1031 421 1094 infamia
443 1031 576 1109 notatis,
599 1028 700 1092 servis
733 1026 922 1114 libertisque
946 1027 1032 1113 quod
1054 1029 1169 1091 attinet
1191 1026 1233 1091 ad
1255 1027 1315 1090 cri-

137 1128 226 1192 mina
249 1127 452 1192 dominorum
472 1135 747 1213 patronorumque
766 1129 801 1212 ¹)a
856 1179 858 1184 -

218 1224 299 1290 Sunt
330 1235 436 1290 autem
469 1226 615 1308 crimina,
643 1247 778 1310 quorum
808 1227 955 1290 executio
978 1229 1074 1290 etiam
1098 1227 1136 1289 iis
1158 1226 1315 1311 personis,

135 1347 215 1410 qua-s
237 1326 270 1388 in
293 1325 484 1410 exceptione
499 1324 604 1406 retuli,
629 1324 697 1388 sive
720 1323 869 1389 omnibus
892 1327 961 1388 sive
976 1325 1137 1389 nonnullis
1160 1345 1316 1388 concessa

134 1424 176 1486 sit
192 1423 241 1510 2)ε
262 1432 354 1489 servis
376 1423 505 1509 quidem
538 1421 706 1506 „arctioris
733 1445 882 1488 annonae
911 1424 1022 1509 populi
1043 1424 1181 1488 Romani
1203 1431 1236 1485 et
1257 1423 1314 1486 fal-

134 1545 191 1586 sae
212 1531 362 1586 monetae
386 1523 529 1587 criminis
550 1544 623 1586 reos
646 1521 793 1586 dominos
817 1522 972 1608 detegere
993 1522 1087 1586 licet“

282 1643 350 1705 arg.
374 1619 392 1687 l.
416 1620 457 1684 53
478 1621 519 1691 D,
539 1619 569 1702 5,
594 1623 609 1682 1
634 1618 674 1682 de
694 1620 828 1706 judiciis

134 1722 211 1782 item
235 1719 404 1784 fraudatae
427 1740 592 1801 annonae3

283 1817 302 1880 l.
325 1822 341 1884 1
366 1818 406 1885 D.
427 1817 477 1896 48,
502 1818 540 1880 12
562 1816 602 1881 de
625 1817 699 1903 lege
720 1818 809 1882 Julia
831 1818 871 1883 de
895 1841 1024 1884 annona

140 1921 285 1980 omnibus
305 1929 409 1980 cutem
430 1916 486 1996 iis,
504 1937 597 2001 ¹quos
629 1917 853 2002 exceptionem
882 1918 1013 1985 efficere
1041 1917 1123 1999 dixi,
1145 1917 1316 1984 fraudatae

138 2035 287 2080 annonae
318 2022 351 2080 et
379 2023 513 2100 propter
542 2011 705 2100 publicam
739 2015 907 2080 utilitatem
946 2014 987 2080 ad
1017 2038 1180 2080 annonam
1220 2016 1317 2099 perti·

137 2121 281 2194 nentem,

285 2212 304 2280 l.
328 2214 367 2278 13
388 2212 429 2278 D.
448 2211 499 2292 48,
520 2213 540 2274 2
563 2209 602 2274 de
626 2213 889 2278 accusationibus

138 2313 299 2398 imprimis
324 2319 431 2376 autern
455 2296 636 2396 majestatis
661 2333 818 2376 accusare
840 2315 1032 2398 permissum
1057 2321 1114 2380 est.

287 2409 407 2473 Paulus
437 2407 524 2474 Sent.
554 2405 591 2476 V.
626 2409 673 2491 13,
701 2411 736 2493 33
765 2410 784 2478 l.
814 2412 902 2496 ipr.
924 2417 954 2494 ξ.
978 2414 1053 2480 1.3.
1076 2412 1095 2480 l.
1117 2412 1137 2475 8
1160 2414 1198 2480 D.
1223 2412 1318 2496 48‚4

284 2507 325 2572 ad
348 2509 410 2593 leg.
433 2507 496 2574 Jul.
517 2507 643 2593 majest.

218 2605 375 2670 Videmus
397 2607 503 2691 igitur,
524 2628 634 2668 eorum
657 2628 826 2672 numerum
857 2611 962 2695 magis
985 2613 1154 2698 magisque
1177 2613 1318 2676 crevisse

137 2707 192 2792 qui
213 2705 255 2770 ad
275 2704 438 2790 publicam
462 2707 701 2770 accusationem
733 2708 988 2790 adducerentur,
1009 2709 1085 2793 quin
1109 2710 1203 2774 etiam
1226 2731 1319 2794 prae-
1399 2731 1401 2736 ·

137 2807 210 2869 miis
238 2827 297 2890 pro
327 2805 534 2869 accusatione
566 2805 704 2869 feliciter
737 2805 778 2870 ad
810 2807 907 2872 tinem
941 2808 1099 2894 perducta
1128 2831 1164 2874 eu
1189 2814 1317 2890 publico

137 2903 362 2968 condonantur
781 2975 784 2983 y

286 3026 354 3087 arg.
376 3003 394 3068 l.
415 3002 456 3068 25
477 3025 525 3087 pr.
547 3003 589 3072 D.
610 3004 659 3086 29,
680 3004 700 3065 5
723 3003 765 3066 ad
790 3004 908 3070 SOtum
934 3007 1150 3090 Silanianum

137 3103 413 3188 multiplilicantur
443 3103 678 3184 accusationes,
708 3102 784 3165 dum
824 3105 966 3168 civitatis
987 3105 1133 3190 pericula
1155 3116 1316 3172 creseunt:

137 3203 253 3266 mirum
276 3224 338 3265 non
363 3211 421 3284 est,
442 3201 525 3288 quod
545 3203 642 3288 juxta
673 3223 745 3265 eam
778 3224 860 3286 qrrac
891 3205 923 3266 in
945 3203 1058 3288 regula
1081 3218 1151 3267 erat
1171 3205 1316 3268 volunta-

138 3304 219 3365 riam
243 3301 412 3365 criminum
429 3302 652 3365 executionem
669 3301 873 3366 necessitatis
890 3303 1039 3386 exceptio
1061 3304 1093 3366 in
1115 3304 1220 3390 majus
1237 3326 1316 3367 seru-

136 3423 195 3487 per
218 3407 361 3484 augetur.

144 3563 434 3575 .........—.--..--—

204 3653 228 3718 1)
246 3655 292 3705 sn.
311 3642 471 3706 uersare.
491 3653 550 3702 arr.

202 3739 229 3800 2)
246 3741 306 3791 Non
321 3739 387 3790 satis
405 3742 529 3789 accurate
545 3737 631 3788 Geib
650 3738 713 3799 6183
731 3740 867 3790 Ru'dorf
873 3740 885 3788 f
898 3741 973 3790 Ram.
993 3740 1133 3790 ReGesch,
1153 3741 1188 3790 11.
1208 3742 1265 3791 426.
