3082 4966
701 1081 814 1202 Prius
836 1136 977 1202 PRIOR.

255 1273 493 1382 QUITENUS
536 1267 962 1376 PERSEQUENDORUM
999 1269 1229 1362 CRIIIINUM
1271 1267 1431 1362 NECES-

457 1459 458 1464 κ
646 1405 773 1498 srtts
802 1406 1045 1499 VAIUERIT.

768 1701 958 1714 Μ

254 1867 329 1998 Ab
360 1928 439 1991 nitio
461 1949 697 2012 perpaucorum
727 1929 883 1992 scelerum
915 1925 1186 2012 persecutionem!
1212 1921 1432 1984 Romanorum

258 2037 374 2106 civitas
398 2042 440 2106 ad
463 2065 497 2108 se
520 2045 682 2128 pertinere
697 2043 841 2128 putabat.
884 2041 950 2107 Sed
971 2037 1168 2125 provehente
1191 2041 1297 2098 aetate
1320 2038 1433 2095 auctus
1527 2107 1528 2114 ἶ

258 2149 307 2202 est
328 2163 480 2206 numerus
503 2144 555 2221 ita,
591 2151 624 2206 ut
653 2165 818 2227 perpauca
839 2148 1054 2220 remanerent,
1074 2139 1107 2201 in
1131 2135 1245 2222 quibus
1267 2133 1432 2198 accusatio

256 2246 352 2322 atque
373 2261 499 2324 poenae
522 2243 672 2304 executio
703 2241 766 2304 nisi
794 2241 943 2326 quopiam
972 2237 1103 2301 volente
1130 2236 1200 2298 fieri
1228 2253 1293 2296 non
1314 2241 1434 2317 posset.

256 2341 338 2401 'I'res
362 2337 574 2404 discernimus
597 2337 720 2421 modos,
743 2339 857 2426 quibus
880 2339 995 2402 civitas
1018 2335 1159 2400 officium
1185 2357 1275 2398 suurn
1298 2332 1433 2419 implere

257 2435 452 2500 conabatur:

339 2537 367 2601 1.
389 2544 444 2598 aut
466 2543 603 2600 homiues
621 2544 767 2616 priuatos
787 2545 870 2618 cepit
892 2537 961 2598 sive
985 2535 1107 2597 directe
1130 2534 1199 2596 sive
1222 2554 1296 2612 non,
1318 2539 1353 2594 ut
1373 2531 1434 2594 eri·
1527 2547 1528 2566 ²

257 2634 345 2696 mina
368 2641 522 2696 accusent
544 2641 599 2696 aut
619 2633 783 2716 indicent3
1155 2629 1156 2632 '

340 2733 368 2795 2.
390 2741 445 2793 aut
467 2733 535 2810 ipsu
567 2756 604 2794 aa
626 2741 838 2813 persequitur,
869 2734 897 2797 si
915 2732 983 2800 'alii
1001 2731 1145 2818 judicem
1169 2730 1209 2793 de
1232 2728 1434 2794 facinoribus

258 2832 452 2915 perpetratis
475 2831 645 2892 certiorem
669 2831 831 2914 fecerunt3
1527 2889 1528 2908 ἱ

338 2931 366 2990 3.
389 2937 444 2991 aut
465 2937 547 3009 cupit
564 2936 709 3011 officiales
723 2929 766 2993 ad
781 2930 1021 3014 investiganda,
1043 2927 1238 3007 accusanda,
1259 2923 1437 2990 indicanda
1527 2955 1528 2986 r

258 3029 402 3108 crimine,
424 3027 478 3112 qui
502 3027 657 3092 officiales
672 3029 790 3114 partim
813 3031 876 3114 ipsi
894 3031 948 3114 jus
970 3027 1071 3114 gladii
1093 3026 1225 3107 habent,
1247 3027 1364 3111 partim
1383 3027 1435 3111 ju-

258 3123 384 3190 dicibus
407 3125 581 3191 sceleratos
604 3129 749 3191 offerunt.
1051 3114 1054 3120 ¹

650 3529 653 3534 .
675 3469 822 3534 carus
844 3473 1029 3538 Pernen.

328 3605 389 3693 DE
422 3602 638 3696 PRIVATIS
666 3604 731 3694 AD
762 3604 1126 3713 PERSEQUENDUM
1162 3606 1365 3700 tenetls,

342 3789 395 3852 Ex
415 3787 576 3852 nonnullis
596 3789 732 3852 fontium
748 3785 832 3853 locis
854 3790 949 3854 facile
974 3793 1044 3877 quis
1066 3792 1249 3872 concludat,
1271 3813 1437 3876 uunquam

260 3911 319 3974 per
342 3887 506 3950 civitatem
531 3885 572 3950 ad
588 3888 774 3951 accusanda
796 3891 932 3953 erimine
953 3889 1113 3955 hominem
1130 3892 1330 3978 compulsum
1346 3911 1439 3971 esse3

262 3988 381 4051 diserte
404 3993 486 4050 enim
510 3985 588 4050 dicit
615 3987 860 4051 Diocletianus:
902 3989 1046 4070 „Invitus
1076 4011 1175 4074 agere
1206 3991 1257 4053 vel
1280 4009 1440 4052 accusare

262 4108 357 4150 nemo
378 4087 535 4170 cogitur“,
557 4107 653 4169 quam
676 4086 870 4150 sententiam
894 4090 1090 4153 Iustinianus
1112 4091 1144 4153 in
1166 4088 1321 4154 Codicem
1343 4111 1439 4152 suum

262 4188 393 4272 recepit.

601 4287 638 4355 Τ.
662 4289 698 4356 C.
720 4287 750 4372 3,
772 4287 790 4350 7
812 4311 851 4352 ne
874 4288 944 4377 quis
966 4288 1095 4354 invitus.
1117 4331 1120 4338 ·
