3082 4966
766 402 947 465 ..2—

271 584 480 658 eubJ'ecttoum,
504 585 560 642 aut
576 587 629 656 ius
651 584 844 659 adjectivum,
869 579 954 665 quod
978 589 1009 645 in
1033 584 1183 645 universo
1207 583 1325 668 populo
1348 586 1455 647 situm

271 687 333 757 est,
364 681 409 740 ita
438 687 472 740 ut
501 681 554 762 qui
581 677 641 740 hoc
660 679 715 764 jus
737 678 857 757 laedat,
878 679 1030 764 populum
1052 681 1172 744 laedat.
1214 683 1358 746 Tertium
1383 706 1456 746 non

272 779 375 842 datur.
417 779 503 843 Hinc
535 779 631 840 etiam
662 776 781 862 duplex
819 779 987 842 criminum
1025 781 1321 866 persequendorum
1355 784 1457 862 rati0,

272 879 364 962 cujus
398 879 446 940 rei
476 877 661 939 testimonia
689 884 721 938 et
750 899 791 940 ex
819 876 1023 962 philosophia
1052 887 1084 941 et
1102 901 1160 943 ex
1193 880 1327 944 historia
1363 882 1455 944 sumi

272 984 413 1061 possunt.

355 1075 480 1158 Singuli
503 1077 529 1138 si
551 1074 731 1155 laedantur,
763 1075 792 1136 ei
821 1078 873 1158 qui
902 1075 1009 1138 laesus
1042 1084 1091 1140 est
1108 1079 1163 1162 jus
1186 1077 1280 1141 datur
1302 1079 1454 1141 criminis

272 1173 497 1258 persequendi,
523 1195 584 1258 quo
603 1175 676 1256 jure
699 1181 767 1236 licet
790 1175 844 1254 uti,
867 1197 935 1238 non
955 1198 1035 1256 opus
1057 1187 1106 1240 est.
1129 1174 1251 1238 Libero
1275 1178 1358 1240 enim
1376 1178 1454 1262 ejus

273 1269 407 1334 arbitrio
430 1273 621 1356 permissum
638 1279 695 1352 est,
717 1280 822 1334 utrum
845 1271 1034 1336 violatorem
1058 1275 1209 1358 persequi
1225 1297 1265 1337 an
1288 1275 1317 1337 ei
1340 1277 1454 1360 ignos-

274 1392 347 1433 cere
370 1371 455 1437 velit.

355 1469 429 1534 Alia
451 1492 503 1534 res
526 1471 628 1562 estin
646 1471 721 1554 jure
744 1466 916 1553 objectivo,
939 1470 966 1531 si
981 1472 1133 1534 universa
1154 1471 1293 1534 laeditur
1314 1471 1454 1555 respub-

273 1569 343 1632 lica.
388 1571 448 1632 Hie
470 1570 613 1632 nascitur
635 1569 776 1631 oflieium
798 1565 960 1651 quoddam
981 1571 1196 1652 persequendi
1219 1577 1314 1655 atquo
1337 1591 1453 1634 neces-

275 1669 363 1746 sitas,
388 1689 470 1750 quae
492 1667 607 1732 evitari
629 1688 693 1730 non
716 1673 830 1749 potest.
873 1665 955 1728 Nam
984 1665 1063 1730 haec
1081 1667 1166 1751 juris
1188 1665 1343 1752 objectivi
1367 1669 1455 1730 ratio

275 1774 333 1844 est,
357 1773 391 1826 ut
412 1766 550 1828 naturali
566 1764 704 1849 quadam
729 1763 926 1842 necessitate
949 1786 1075 1828 omnem
1092 1765 1266 1828 laesionem
1291 1764 1381 1828 tollat
1404 1774 1452 1828 at-

276 1885 336 1946 que
358 1864 479 1946 puniat.
521 1861 650 1926 Vindex
673 1871 787 1940 autem,
802 1860 986 1944 hujusmodi
1008 1863 1184 1947 injustitiae
1207 1864 1358 1947 civitasi

357 1964 428 2024 Hoc
460 1962 651 2042 discrimen,
682 1963 708 2024 si
739 1959 878 2046 propriis
900 1959 1008 2041 verbis
1038 1959 1223 2022 describere
1246 1960 1454 2041 voluerimus,

276 2059 377 2124 verba
408 2063 616 2146 „principium
649 2059 788 2123 officiale
822 2067 853 2122 et
882 2060 1073 2143 principium
1106 2057 1345 2142 dispositionis“
1375 2081 1451 2122 sese

277 2162 422 2222 oli'eruut.
466 2159 531 2224 Sed
561 2167 727 2243 praestare
758 2160 917 2238 existimo,
955 2166 1165 2242 posteaquam
1197 2159 1409 2220 Bienerus
1427 2163 1453 2242 ¹)

278 2279 402 2320 errores
426 2257 595 2322 evitandos
625 2257 821 2342 designavit,
849 2277 959 2319 eorum
989 2253 1161 2318 verborum
1192 2255 1292 2318 altero
1322 2257 1453 2319 omnino

278 2376 340 2416 non
364 2357 418 2418 uti.
461 2355 619 2440 Equidem
643 2365 677 2418 ut
699 2355 780 2417 duas
803 2354 874 2416 illas
897 2354 1043 2418 diversas
1067 2355 1235 2418 criminum
1258 2376 1453 2440 persequen-

280 2450 392 2516 dorum
423 2455 564 2518 rationes
596 2454 794 2538 significem,
823 2453 957 2516 alteram
994 2453 1185 2537 principium
1222 2453 1451 2537 dispositionis,

279 2550 411 2614 alteram
435 2553 627 2636 principium
650 2553 856 2614 necessitatis
879 2551 1060 2614 nominabo.

361 2651 503 2729 Quorum
538 2651 663 2736 utrique
693 2648 775 2714 duae
792 2650 819 2734 ²)
850 2669 921 2712 csse
949 2657 1085 2734 possunt
1106 2651 1250 2714 formae:
1272 2672 1346 2714 nem
1370 2673 1450 2714 sem·

280 2770 338 2831 per
355 2750 459 2832 judex
481 2749 665 2832 priusquam
689 2749 882 2809 sententiam
904 2748 1003 2828 ferat,
1032 2746 1157 2832 indiget
1181 2749 1319 2812 veritate
1342 2771 1449 2812 eorum

281 2869 362 2932 quae
385 2848 471 2910 facta
494 2856 583 2928 sunt3
614 2868 708 2930 quam
739 2845 909 2910 veritatem
932 2853 987 2908 aut
1008 2854 1070 2926 ipse
1091 2847 1238 2931 inquirit,
1269 2847 1355 2910 nullo
1389 2847 1450 2911 alio

281 2946 386 3027 modo,
409 2968 503 3031 quam
527 2967 588 3030 quo
610 2946 647 3024 is,
670 2946 723 3029 qui
746 2966 797 3006 res
813 2951 924 3028 gestas
946 2943 1152 3007 conscribere
1174 2945 1252 3026 vult,
1274 2967 1383 3009 earum
1399 2967 1451 3008 ve-

280 3045 407 3108 ritatem
429 3046 620 3128 investigat3
644 3052 698 3106 aut
726 3054 830 3122 partes
854 3079 896 3090 -
927 3051 1098 3106 accusator
1119 3051 1152 3106 et
1172 3066 1246 3106 reus
1270 3081 1305 3087 —-
1330 3033 1451 3108 certant

282 3142 322 3206 de
344 3166 393 3223 ea,
415 3152 446 3206 et
468 3148 636 3227 exspectat
657 3148 788 3226 praetor
810 3149 864 3204 aut
885 3141 1081 3226 praefectus,
1102 3143 1173 3228 quis
1194 3144 1331 3206 victore
1353 3150 1451 3206 certa·

281 3244 368 3306 mine
391 3241 445 3306 illo
467 3244 610 3311 exiturus
633 3242 681 3304 sit.
724 3245 963 3320 Inquisitoriam
989 3247 1022 3302 et
1043 3249 1272 3304 accusatorium
1293 3247 1380 3304 recte
1401 3262 1451 3324 ap-

281 3349 377 3426 teque
401 3342 522 3404 formas
545 3363 600 3403 eas
621 3340 841 3419 nominamus3
862 3338 920 3402 sed
942 3338 1024 3402 false
1041 3337 1158 3403 dixerit
1172 3339 1298 3424 aliquis,
1319 3339 1449 3403 formam

284 3442 519 3504 accusatoriam
544 3438 644 3503 solum
669 3437 890 3522 dispositionis
917 3437 1075 3522 principio
1104 3437 1313 3522 respondere,
1341 3437 1451 3520 prinoi-

283 3541 337 3626 pio
359 3538 563 3604 necessitatis
586 3537 818 3623 inquisitoriam
834 3539 870 3618 ³).

352 3837 377 3902 1)
395 3841 520 3890 Biener
537 3838 716 3889 Gerichtseaal
734 3855 760 3904 p.
780 3839 845 3901 409,
863 3839 968 3888 recuset
992 3835 1196 3902 appellationem
1217 3835 1446 3902 ,Officialprincip“

286 3925 313 3972 in
331 3938 455 3988 processu
474 3922 605 3972 criminali
621 3920 764 3972 hodierno:
794 3921 871 3984 ,weil
897 3935 957 3970 men
982 3919 1110 3968 zundchst
1127 3919 1205 3969 debei
1222 3936 1257 3970 en
1275 3920 1327 3970 deu
1347 3919 1446 3970 kanoni-

286 4005 367 4056 echen
384 4022 417 4056 ex
434 4005 522 4056 allicio
539 4005 695 4056 wirkeuden
714 4003 1019 4070 Inquisitious·Prozess·
1033 4017 1065 4050 au
1083 4001 1189 4055 denken
1205 4003 1331 4068 gewohnt
1348 3999 1406 4053 ist.“
1420 4030 1448 4038 —

352 4085 379 4151 2)
397 4087 491 4137 Plures
514 4089 627 4138 existere
652 4103 704 4137 non
731 4102 817 4152 posse,
842 4085 892 4149 hoc
915 4085 972 4136 loco
995 4087 1157 4150 argumentis
1189 4102 1242 4136 non
1267 4087 1333 4136 setis
1356 4083 1448 4136 firmare

287 4172 351 4222 mihi
367 4171 439 4223 licet.

353 4253 380 4316 3)
397 4253 590 4304 Namobstent
603 4251 707 4317 judicie
724 4251 867 4302 familiaris
884 4252 1062 4303 Romanorum
1081 4255 1109 4301 et
1126 4252 1237 4302 crimine
1254 4268 1322 4317 quae
1336 4251 1448 4303 dicuntur

289 4334 611 4402 ,sacramentaneus
646 4351 650 4360 ·
