3082 4966
766 379 972 445 ..φεμ

283 564 390 626 futura
412 565 496 625 foret
518 562 701 626 accusatio:
723 562 830 645 itaque
854 560 895 623 ad
915 560 1058 644 judicem
1082 558 1225 620 criminis
1246 555 1333 619 illius
1356 562 1472 617 extra-

283 662 437 724 ordinarii
456 667 480 739 ¹)
504 661 686 744 persecutio
702 659 929 722 transferenda
953 668 1002 722 cst
1018 661 1052 739 ²).
1075 693 1114 706 -··
1140 655 1264 718 Eadem
1283 655 1367 716 ratio
1393 675 1470 737 per-

281 762 362 823 tinet
383 762 499 843 partim
522 758 651 844 quidem
676 757 718 821 ad

361 876 395 958 2)
442 882 744 954 Terpioersotionem,
777 874 869 958 cujus
901 875 946 936 rei
980 860 1068 934 no'tio
1096 869 1259 933 Praesidis
1294 877 1360 949 cst3
1388 891 1467 930 nam

281 975 356 1057 „qui
379 973 465 1050 dicit,
489 995 581 1056 quem
604 973 635 1034 in
659 971 718 1034 hoc
741 972 801 1037 SC.
824 971 1077 1055 (Turpilianum)
1100 969 1264 1046 incidisse,
1288 977 1468 1030 accusator

280 1093 345 1134 non
368 1077 434 1134 est“
459 1069 758 1151 (a.l.1§.121).
789 1068 839 1146 48,
874 1069 927 1150 16;
958 1069 1013 1130 cfr.
1037 1068 1054 1130 l.
1076 1069 1096 1129 3
1118 1068 1153 1130 O.
1175 1066 1204 1144 9,
1228 1069 1242 1127 l
1269 1065 1383 1128 dehis
1410 1069 1466 1150 qui

281 1174 450 1251 accusare)
466 1168 677 1232 Luculentum
703 1176 813 1229 censet
837 1166 909 1230 huic
928 1167 1053 1252 judicio
1068 1168 1214 1230 Herrm
1228 1187 1357 1227 annus
1382 1165 1420 1244 (l.
1437 1188 1463 1229 c.

280 1289 310 1350 p.
333 1267 388 1349 54)
412 1267 517 1329 inesse
540 1266 775 1328 testimonium:
807 1289 888 1348 „non
923 1288 1050 1328 curnem
1078 1265 1233 1328 Romanis
1257 1265 1461 1348 incognitum

280 1367 380 1428 fuisse
403 1363 613 1428 criminalium
627 1363 824 1450 judiciorum
842 1365 999 1443 ordinem,
1023 1385 1115 1448 quem
1134 1363 1369 1447 inquisitorium
1388 1384 1462 1446 pro-

280 1485 406 1528 cessum
429 1463 523 1526 hodie
546 1485 709 1528 vocamus.
753 1461 893 1527 Causam
925 1465 1026 1548 ipsam
1061 1484 1138 1525 vero
1169 1471 1264 1546 atque
1286 1461 1460 1538 rationem,

280 1583 362 1646 quae
379 1563 559 1626 Romanum
582 1560 799 1645 legislatorem
824 1562 864 1624 ad
887 1564 932 1624 ita
954 1561 1201 1644 contingendam
1226 1559 1322 1644 hujus
1340 1559 1460 1644 judicii

279 1661 417 1725 indolem
440 1661 586 1740 moverit,
610 1659 815 1722 Bienerus
839 1661 871 1742 (l.
901 1683 926 1722 c.
949 1683 978 1744 p.
1003 1659 1056 1744 15)
1080 1667 1169 1721 recte
1191 1660 1222 1722 in
1246 1681 1283 1720 ec
1309 1657 1459 1736 collocat,

279 1759 362 1844 quod
396 1757 489 1824 simul
521 1759 623 1842 ipsam
651 1756 772 1842 judicis
806 1757 1032 1823 auctoritatem
1067 1757 1294 1844 tergiversatio
1318 1758 1458 1839 turpiter

279 1857 437 1920 lacessat“
456 1861 491 1939 ³).

359 1973 393 2054 3)
414 1977 614 2036 Accusatore
646 1977 772 2058 privato
806 1982 931 2038 mortuo
965 1981 1021 2036 atat
1051 1971 1229 2036 desistente
1250 1971 1455 2056 reperiuntur

279 2091 405 2150 causae,
428 2074 459 2134 in
482 2071 596 2156 quibus
613 2073 682 2155 ipse
701 2073 814 2156 judex,
838 2080 871 2134 ut
892 2070 933 2134 ad
956 2072 1052 2136 tinem
1069 2070 1292 2134 accusationes
1315 2067 1367 2132 vel
1382 2091 1454 2152 per-

278 2169 461 2233 secutiones
489 2170 656 2247 ducantur,
685 2179 785 2235 curat.
829 2170 915 2234 Reus
949 2171 1032 2232 enim
1066 2167 1126 2232 hoc
1159 2167 1253 2232 modo
1292 2189 1358 2230 nou
1384 2168 1451 2250 jam

277 2267 431 2332 liberatur
447 2273 473 2352 ⁴)

425 2407 452 2449 a.
497 2385 585 2448 Dicit
607 2385 803 2470 Papinianus
826 2384 858 2467 (l.
884 2385 921 2446 13
942 2405 989 2466 pr.
1012 2384 1052 2446 D.
1083 2381 1133 2462 48,
1157 2386 1172 2445 1
1196 2382 1237 2445 de
1260 2379 1345 2466 publ.
1366 2381 1449 2466 judi·
1520 2405 1521 2410 ¹

278 2483 368 2562 ciisl:
413 2483 632 2560 „Accusatore
666 2482 817 2546 defuncto
847 2505 899 2546 res
930 2481 971 2544 ab
1004 2482 1075 2562 alio,
1101 2480 1269 2566 judicante
1300 2480 1450 2565 praeside

276 2583 474 2664 provinciae,
495 2586 609 2665 peragi
630 2589 766 2664 potest“.
808 2581 929 2666 Peragi
951 2591 1058 2646 autem
1081 2581 1128 2646 nil
1149 2579 1236 2644 aliud
1259 2602 1330 2644 esse
1354 2601 1448 2664 quam

277 2682 516 2744 accusationem
538 2680 698 2763 inceptam
722 2701 823 2764 usque
846 2680 888 2743 ad
910 2682 1004 2744 finem
1020 2679 1153 2765 perduci
1173 2679 1353 2742 rectissime
1375 2699 1449 2740 con·

276 2776 380 2840 tendit
400 2779 676 2844 Herrmannus
698 2777 732 2860 (l.
754 2800 779 2840 c.
802 2800 831 2862 p.
854 2777 919 2862 80).
946 2781 1059 2865 ltaque
1082 2781 1114 2842 in
1137 2777 1286 2842 omnibus
1310 2775 1446 2862 publicis
1519 2765 1520 2809 t

344 3130 367 3190 l)
386 3131 418 3180 V.
436 3130 670 3182 Herrmann.l.
688 3145 710 3180 c.
729 3147 755 3196 p.
774 3135 814 3184 26.
850 3133 982 3183 Dissentit
1007 3131 1181 3192 Marezoll,
1208 3131 1297 3182 Ueber
1327 3133 1369 3181 die
1387 3133 1443 3181 bitr-

273 3212 339 3276 gerl.
359 3212 428 3260 Ehrs
446 3228 472 3276 p.
493 3213 548 3273 1³8,
567 3218 754 3279 contraquam
772 3220 843 3264 recte
860 3215 1015 3276 Rudorfl,
1040 3215 1117 3266 istm.
1137 3213 1276 3265 R.-Gesch.
1300 3215 1336 3275 11,
1354 3215 1411 3263 4118.

338 3292 365 3357 2)
384 3297 429 3344 cfr.
449 3295 468 3346 l.
484 3297 501 3344 4
517 3296 541 3355 ξ.
560 3299 572 3344 1
592 3297 621 3346 C.
640 3297 689 3347 Th.
708 3300 733 3359 9,
752 3301 783 3348 19
798 3299 833 3350 asl
848 3299 901 3362 leg.
920 3297 1023 3348 cornel.
1040 3297 1073 3347 de
1091 3297 1149 3346 fals.
1517 3355 1518 3362 ¹

339 3373 365 3442 3)
385 3378 538 3428 Calumniaa
556 3384 583 3429 et
599 3380 812 3445 tergiversationi
840 3381 1015 3432 adnumerant
1040 3380 1292 3444 praevaricationem
1309 3381 1441 3440 Bienor,
1517 3367 1518 3374 ἵ

273 3460 289 3508 l.
307 3477 329 3509 c.
347 3477 376 3524 p.
394 3462 436 3522 153
456 3460 548 3522 Geib,
566 3462 584 3512 1.
602 3478 624 3512 o.
642 3463 704 3522 5903
721 3463 769 3512 sed
787 3463 878 3514 dubito
895 3479 930 3514 an
947 3465 1037 3513 recte?
1072 3463 1190 3514 Primum
1208 3463 1314 3527 quidem
1334 3479 1436 3514 accusa·

274 3548 355 3593 torem
373 3545 581 3608 praevaricatum
595 3561 652 3594 esse
671 3551 730 3608 post
746 3545 905 3595 sententiam
919 3561 998 3610 saepe
1011 3546 1115 3595 demum
1128 3544 1244 3608 intelligi
1261 3548 1357 3610 potest.
1375 3546 1438 3594 Pub-

273 3625 351 3675 licam
369 3641 559 3690 nonnunquam
575 3625 633 3690 ejus
651 3628 768 3678 criminis
786 3630 983 3679 accusationem
1011 3628 1101 3689 fuisse,
1117 3627 1174 3691 jam
1191 3643 1271 3692 supra
1289 3643 1436 3677 commemo·
1516 3615 1517 3622 ἵ

273 3710 387 3760 ravimus
404 3725 430 3773 p.
452 3711 496 3770 103
511 3707 630 3772 judicem
650 3727 683 3760 ex
700 3710 786 3760 officio
816 3712 844 3761 id
868 3716 1035 3775 persecutum
1059 3727 1127 3770 esse,
1155 3725 1283 3775 nusquam
1301 3711 1386 3760 fontes
1403 3711 1437 3759 di·

273 3796 343 3842 cunt.
380 3793 449 3842 Sane
467 3791 604 3842 confirmat
620 3793 637 3842 l.
657 3797 671 3841 2
689 3793 719 3844 Ο.
746 3795 779 3846 de
807 3793 899 3844 abolit.
919 3795 944 3855 9,
961 3795 1009 3844 42:
1026 3791 1143 3856 judicem
1161 3793 1193 3843 ob
1212 3809 1270 3844 eam
1288 3809 1343 3843 rem
1359 3795 1433 3844 sboti-¹

273 3876 373 3924 tionem
401 3875 510 3938 petitam
539 3890 591 3924 non
617 3874 737 3938 dedisse,
766 3876 813 3926 ssd
841 3876 948 3928 silentio
974 3878 1109 3942 praeterit,
1138 3881 1227 3928 utrum
1253 3881 1434 3939 accusatorem,
1515 3921 1516 3946 3

272 3973 359 4022 poena
375 3957 583 4008 extraordinaris
594 3957 713 4008 affecerit
725 3974 773 4008 nec
790 3976 831 4010 ne.
849 3959 955 4010 Titulus
970 3959 1140 4024 Digestorum
1152 3959 1261 4024 XLVII,
1283 3961 1313 4009 15
1331 3975 1435 4024 poenam
1515 3949 1516 3984 ³

272 4041 414 4102 irrogatam
430 4055 483 4089 non
500 4056 558 4090 esse
576 4041 628 4103 nisi
645 4043 814 4091 accusatione
832 4043 921 4093 delata
939 4042 1082 4092 confirmat.

322 4121 348 4184 4)
368 4123 608 4172 Horrmanuus
626 4123 658 4173 de
676 4124 745 4173 abol.
765 4140 789 4187 p.
804 4126 843 4174 79.
879 4125 946 4176 Vide
964 4141 1024 4190 pag.
1041 4128 1072 4176 37
1091 4128 1160 4177 intra
1204 4127 1250 4178 cfr.
1270 4127 1365 4188 Geib,
1382 4126 1397 4176 l.
1414 4143 1433 4177 e.

273 4223 298 4274 p.
318 4207 375 4255 674.
