3082 4966
732 338 938 398 ...44-

247 523 370 598 quaest,
398 515 448 592 48,
481 513 562 599 18).’
585 515 687 578 Addit
717 515 876 600 Ulpianus
908 515 942 595 (l.
973 520 986 577 l
1023 521 1050 596 ξ.
1073 515 1112 578 27
1135 516 1236 600 eod.):
1282 515 1341 595 „Si
1364 516 1442 600 quis

248 614 328 676 ultre
352 614 392 676 de
415 614 572 676 maleficio
603 615 754 693 fateatur,
785 635 849 675 nen
884 633 1015 698 semper
1037 616 1067 677 ei
1089 614 1168 678 lidos
1190 614 1346 678 habenda
1371 623 1441 694 est3

247 733 488 797 nonnumquam
511 715 594 775 euim
620 723 674 776 aut
695 721 782 775 metu
805 720 861 774 aut
884 735 947 797 qua
969 714 1034 776 alia
1059 713 1099 776 de
1121 735 1221 776 causa
1242 713 1275 776 in
1297 735 1335 776 se
1359 733 1441 774 cen-

246 809 394 872 fitentur“
415 815 449 895 ¹).
492 811 760 875 Confessionibus
783 819 891 874 autem
923 813 1065 876 extortis
1088 835 1151 874 nen
1175 811 1313 896 amplius
1336 811 1440 874 iidem

247 909 388 972 habitam
412 933 494 989 esse,
516 911 706 974 testificatur
731 911 886 994 Ulpianus
917 911 950 994 (l.
975 913 989 973 l
1014 915 1041 991 ξ.
1062 911 1103 974 23
1126 912 1164 974 D.
1186 912 1237 990 48,
1262 909 1335 993 18);
1356 933 1437 972 nam

247 1009 393 1091 quaestio
418 1031 488 1089 „res
512 1017 561 1071 cst
589 1008 714 1091 fragilis
747 1017 778 1070 et
808 1010 992 1093 periculosa
1015 1019 1046 1072 et
1071 1031 1153 1094 quae
1177 1010 1351 1072 veritatem
1377 1009 1439 1072 fal-

246 1105 310 1168 lat“
336 1105 434 1189 (Ulp.
459 1105 552 1190 eod).
597 1105 686 1188 Ergo
705 1106 826 1190 judicis
850 1117 929 1188 erat,
958 1117 991 1172 ut
1014 1115 1105 1171 reete
1128 1107 1295 1171 contendit
1324 1107 1438 1170 Was-

247 1203 519 1267 sersclrleben
537 1209 572 1289 ²),
605 1207 828 1268 confessiones
857 1209 904 1270 rei
926 1207 1100 1291 diligenter
1121 1205 1336 1290 perpendere,
1359 1227 1433 1268 orn-

248 1304 364 1386 niaque
388 1325 469 1387 quae
491 1325 550 1387 pre
572 1304 668 1366 factis
691 1305 864 1368 enunciata
886 1313 996 1368 essent
1021 1304 1178 1388 indagare
1200 1313 1232 1365 et
1253 1305 1434 1388 inquirere.

247 1403 585 1466 *Haeeimmuatata
601 1403 815 1466 confessionis
836 1404 1011 1466 aucteritas
1023 1425 1064 1465 ex
1083 1401 1146 1465 alie
1165 1402 1324 1486 principio
1336 1423 1435 1486 quam

249 1500 470 1584 dispositionis
488 1501 610 1584 ,deduci
632 1521 695 1562 nen
711 1511 819 1585 petest
833 1505 879 1584 ³)3
902 1523 976 1564 nam
999 1503 1032 1564 in
1054 1521 1230 1584 processu,
1251 1499 1306 1562 ubi
1330 1499 1438 1564 libera

249 1599 467 1681 persecutoris
484 1599 523 1660 de
540 1600 774 1683 persecutione,
790 1601 837 1662 rei
853 1599 892 1662 de
917 1599 1110 1662 defensione
1127 1598 1296 1683 dispositio
1313 1621 1436 1682 agnos-

247 1706 346 1775 catur,
362 1705 423 1760 siue
434 1706 663 1762 eeerrseteriam
675 1705 737 1761 siue
748 1706 981 1779 inquisitor-tem
993 1703 1103 1762 hebeat
1110 1704 1257 1778 ferream,
1266 1696 1435 1758 confessio

249 1818 307 1878 pro
330 1796 467 1858 veritate
496 1795 687 1879 accipienda
718 1805 775 1877 est,
806 1819 899 1881 quam
933 1797 1140 1876 „fer·malem“
1171 1795 1342 1858 veritatem
1369 1797 1431 1858 leti

249 1893 413 1977 appellare
436 1892 547 1956 solenti
596 1894 837 1972 „Materialem‘s
871 1897 951 1981 petit
979 1897 1149 1959 veritatem
1178 1893 1278 1957 selum
1309 1895 1432 1978 princi·

250 1992 337 2075 pium
361 2030 401 2039 -
423 1999 458 2054 ut
480 2014 541 2075 ege
566 1991 695 2076 quidem
730 1991 760 2055 id
791 1997 920 2058 nemine
942 2033 986 2044 -
1007 1994 1212 2057 necessitatis
1230 1998 1274 2077 Ἣ
1297 1992 1350 2054 hie
1374 2015 1432 2054 au-

249 2102 314 2156 tem
338 2092 552 2155 confessionis
574 2093 750 2156 auctoritas
772 2094 912 2174 vacillat,
935 2115 1017 2178 quae
1040 2090 1095 2156 ubi
1109 2093 1263 2156 vacillare
1286 2091 1433 2174 reperia-

249 2201 310 2270 tur,
332 2190 525 2274 principium
557 2191 777 2275 dispositionis
806 2200 993 2278 superatum
1024 2213 1095 2254 esse
1118 2211 1176 2275 pro
1199 2197 1286 2254 corte
1308 2187 1435 2252 habere
1526 2247 1527 2276 p

249 2289 334 2352 lieet

265 2449 546 2459 ιι--ακω-ω-ιι-ω--ι--ι-«α

319 2540 341 2602 1)
361 2541 537 2592 conferantur
562 2542 632 2590 dieta
656 2541 878 2592 Tertulliani
905 2543 932 2590 in
959 2540 1069 2605 Apeleg.
1094 2556 1117 2588 c.
1144 2541 1173 2600 2,
1190 2539 1224 2588 ad
1242 2540 1343 2589 uatien.
1363 2539 1385 2599 l,
1407 2543 1431 2589 2.

250 2625 433 2674 Lactantii
452 2624 484 2673 de
502 2627 586 2673 morte
604 2631 734 2688 persecut.
752 2641 775 2676 c.
797 2627 835 2688 lb,
854 2641 921 2690 quae
936 2625 1036 2688 allegat
1050 2623 1201 2673 Geibius
1216 2639 1240 2687 p.
1259 2623 1307 2671 613
1325 2639 1352 2670 n.
1372 2623 1437 2671 287.
1525 2681 1526 2688 ἵ

318 2707 344 2768 2)
363 2708 483 2756 Historia
499 2709 685 2772 quaestionum
702 2723 749 2773 per
767 2713 898 2758 tormenta
916 2707 985 2771 apud
1003 2707 1146 2758 Romanos.
1181 2705 1270 2754 Berlin
1291 2705 1363 2755 isse.

318 2790 344 2851 3)
362 2789 572 2846 Zachariae,
597 2792 623 2838 in
646 2791 737 2842 libelle
764 2791 936 2854 „Gebrechen
961 2791 1006 2840 des
1026 2787 1287 2852 Straiverlahrensp
1317 2790 1351 2837 56
1370 2806 1396 2838 a.
1419 2792 1434 2836 3

250 2879 361 2924 annotat
377 2873 411 2922 ad
429 2873 476 2922 hes
495 2872 528 2922 de
551 2873 726 2924 confessionis
754 2881 848 2924 natura
874 2874 947 2924 locos
974 2874 1136 2922 diserentes:
1174 2872 1269 2934 „Diess
1287 2871 1347 2920 sind
1366 2871 1437 2922 allos

253 2958 338 3015 satae,
358 2955 401 3004 die
420 2957 468 3003 mit
485 2955 544 3004 dem
562 2955 788 3022 Anklageprineip
807 2959 987 3007 vellkemmen
1011 2957 1151 3006 vereiubar
1169 2955 1238 3004 sind.
1274 2955 1328 3004 Der
1346 2956 1435 3020 Regel
1524 2987 1525 2994 κ

254 3038 320 3088 nach
340 3038 423 3088 bleibt
440 3038 506 3087 auch
524 3037 570 3087 das
589 3039 718 3088 r'tiuriselrs
738 3039 822 3088 Reelrt
850 3041 909 3090 dem
933 3039 1170 3090 akkusaterisehen
1206 3039 1313 3101 Prineip
1339 3043 1438 3101 getreu

253 3123 306 3170 und
324 3123 442 3171 verivirst
455 3121 519 3185 jede
537 3123 691 3186 Niitlriguug
715 3123 761 3172 des
786 3125 975 3189 Angeklagten
1000 3139 1046 3172 zur
1073 3123 1214 3186 Ablegung
1239 3121 1284 3171 des
1303 3119 1437 3171 Gestiud-

252 3202 362 3255 nisaes“.
398 3203 547 3254 Dissentire
565 3221 581 3254 a
598 3205 655 3254 vire
674 3205 827 3256 deotissime
844 3207 944 3268 videor,
966 3207 1037 3272 qued
1057 3207 1083 3255 iu
1099 3205 1299 3270 quaestionibus
1318 3205 1350 3254 de
1364 3207 1437 3268 priri-

252 3289 329 3352 cipiis
348 3291 376 3336 et
393 3287 483 3337 formis
501 3289 534 3337 ab
556 3305 587 3337 eo
607 3287 744 3338 dissentio.
764 3290 808 3350 lis,
834 3292 881 3354 qui
902 3290 985 3340 verbe
1015 3286 1272 3352 „Anklageprineip“
1298 3303 1345 3351 pre
1364 3291 1438 3351 prin-

253 3372 323 3434 cipio
343 3370 526 3436 dispositionis
543 3375 654 3420 utuntur
675 3397 707 3406 -
734 3373 831 3435 quibus
862 3374 896 3423 H.
915 3374 947 3424 A.
965 3371 1165 3423 Zachariae
1183 3386 1235 3420 nen
1252 3376 1292 3420 est
1309 3370 1438 3420 adnume-

252 3455 349 3504 randus
377 3453 441 3514 (vid.
466 3469 489 3516 p.
518 3452 540 3515 1)
566 3480 605 3514 -‚
634 3454 657 3504 si
681 3447 799 3503 dicerent
828 3457 992 3506 immutatam
1022 3455 1097 3505 illam
1117 3455 1291 3506 confessionis
1310 3459 1434 3506 naturam

254 3539 333 3587 etiam
354 3555 385 3599 „a
402 3538 531 3601 principie
547 3535 740 3587 accusationis“
760 3554 813 3587 nen
830 3539 981 3600 abhorrere,
999 3538 1076 3587 valde
1094 3537 1232 3588 dissentio.

320 3621 346 3679 4)
364 3621 424 3670 Νοη
443 3636 532 3668 veram
551 3637 608 3669 esse
629 3623 787 3670 sententiam
806 3636 897 3671 eorum
917 3625 988 3686 pute,
1007 3621 1053 3685 qui
1070 3619 1211 3669 veritatem
1229 3617 1366 3667 formalem
1384 3618 1436 3667 for·
1522 3641 1523 3658 r

253 3719 311 3754 mae
331 3720 469 3768 processus
485 3705 673 3762 accusatoriam,
692 3705 878 3770 inquisitorum
903 3703 1068 3754 materialem
1087 3719 1146 3752 essa
1165 3702 1264 3751 dicant.
1301 3701 1340 3748 lix
1360 3701 1435 3752 diffo-

252 3790 338 3839 rentia
359 3789 550 3852 principiorum
570 3788 701 3852 profluere
720 3789 783 3838 inihi
800 3789 914 3838 videtur.
