3082 4966
590 375 794 437 ...41-

100 561 245 623 omnium
269 559 398 644 quidem
422 558 589 620 criminum
622 555 883 620 accusationibus
915 560 997 640 (arg.
1028 557 1047 623 l.
1075 557 1153 623 20.
1177 557 1235 624 Th.
1258 558 1289 631 9,

99 659 140 722 37
174 659 213 722 dc
246 656 350 738 abol.;
382 656 454 720 vide
486 679 516 740 p.
546 656 605 735 343
636 655 655 717 l.
684 655 703 716 3
735 653 1142 738 desumpserim
1166 655 1286 719 violata

101 759 276 842 majestate
301 766 356 818 aut
371 755 478 839 patria
500 761 690 838 oppugnata
706 761 760 816 aut
783 755 996 818 sacramentis
1013 755 1160 834 desertis,
1182 758 1286 840 iisque

101 854 252 919 omnibus
275 877 377 938 „quae
395 854 469 938 jure
502 861 612 914 vetere
644 853 875 916 continentur“.
910 853 1065 917 Similiter
1088 853 1185 918 dubie
1210 855 1287 918 dicit

102 955 119 1016 l.
152 955 171 1016 7
204 955 239 1020 O.
268 954 297 1034 9,
332 952 369 1014 18
401 951 441 1013 de
464 950 598 1014 malefic.
623 959 771 1034 „practer
793 949 848 1013 illa
869 950 1021 1016 videlicet
1044 953 1180 1016 crimina
1202 976 1286 1038 quae

100 1059 218 1134 lapibus
249 1053 542 1115 demonstrantem.
585 1049 620 1112 Si
651 1049 699 1112 his
738 1051 938 1131 argumentis
969 1053 1098 1114 tertium
1131 1051 1288 1130 addimus,

101 1153 229 1216 titulum
254 1151 377 1214 scilicet
399 1149 486 1211 illum
510 1149 719 1233 Digestorum
745 1148 814 1229 „De
830 1147 968 1231 publicis
988 1149 1150 1234 judiciis“,
1173 1152 1203 1212 in
1223 1151 1288 1235 qui-

102 1251 165 1314 bus
187 1251 392 1314 innocentiae
414 1245 641 1332 probationem
664 1247 822 1332 postulari
841 1249 912 1332 jani
935 1247 1083 1330 vidimus,
1108 1271 1212 1332 spere,
1234 1271 1288 1310 ne-

103 1352 225 1414 minem
248 1349 328 1427 fore,
358 1347 412 1430 qui
442 1345 577 1425 dubitet,
610 1347 686 1430 quin
719 1347 855 1408 crimina.
876 1344 1014 1430 intelligi
1036 1346 1183 1426 debeant,
1206 1370 1288 1432 quae

103 1447 232 1534 legibus
256 1447 395 1531 antiquis
418 1444 619 1529 publicorum
640 1446 836 1530 judiciorum
860 1447 1101 1509 continerentur
1121 1451 1155 1529 ¹).

189 1549 302 1631 ltaque
326 1544 501 1607 desistente
525 1543 577 1608 vel
600 1547 757 1608 moriente
780 1553 971 1606 accusatore
993 1567 1058 1608 non
1081 1545 1188 1607 statim
1206 1543 1287 1607 liber

14 1669 16 1702 ι
104 1669 182 1710 reus
207 1643 325 1724 evadit,
348 1643 433 1728 quod
458 1643 536 1706 dicit
559 1643 677 1706 Paulus
700 1643 731 1706 in
755 1642 772 1706 l.
794 1644 814 1705 3
836 1648 863 1723 ξ.
884 1644 905 1705 4
927 1643 965 1706 D.
988 1643 1039 1724 48,
1060 1645 1080 1706 2
1103 1643 1142 1706 de
1167 1665 1289 1706 accus:

107 1745 163 1825 „Si
187 1751 358 1807 accusator
389 1741 586 1821 decesserit,
615 1743 720 1804 aliave
757 1764 855 1806 caiisa
888 1763 958 1805 eum
992 1741 1184 1826 impedierit,
1216 1763 1289 1826 quo-

105 1845 215 1908 minus
238 1863 394 1912 accusare
427 1843 539 1924 po'ssit,
570 1849 603 1904 et
632 1841 659 1903 si
689 1840 764 1925 quid
799 1840 912 1920 similo,
945 1864 1061 1904 nomen
1082 1849 1126 1903 rei
1149 1846 1291 1904 aboletur

15 1985 16 1990 κ
102 1949 289 2024 postulante
317 1964 379 2018 reo,
413 1938 509 2023 idque
538 1961 579 2002 ex
608 1939 680 2022 lege
708 1939 795 2004 dulia
825 1939 972 2002 deviet
1001 1939 1289 2003 Senatusconsulto

16 2098 18 2101 .
106 2048 238 2105 cautum
262 2043 384 2119 est“²).
427 2036 471 2098 iit
498 2035 589 2100 addit
618 2038 817 2121 Papinianus
848 2039 880 2100 in
903 2038 920 2100 l.
945 2038 983 2100 13
1005 2060 1052 2121 pr.
1076 2039 1113 2101 ll.
1135 2038 1186 2116 48,
1211 2041 1224 2100 1
1249 2038 1290 2100 de

109 2138 250 2224 publicis
271 2137 420 2224 judiciis:
465 2138 684 2216 „Accusatore
716 2137 869 2202 defuncto
901 2159 952 2198 res
976 2133 1016 2198 ab
1040 2135 1102 2198 alio
1123 2136 1290 2220 judicante

16 2279 18 2286 ›
108 2237 268 2301 Praeside
300 2235 488 2320 provinciae
515 2241 645 2315 perept“
663 2237 691 2318 ³)
723 2275 763 2284 -
795 2259 860 2299 non
890 2235 997 2299 denuo
1028 2235 1175 2298 accusari
1207 2235 1291 2296 etin

14 2364 22 2402 r
104 2335 268 2422 judicium
292 2333 410 2398 deduci
431 2371 471 2382 -
494 2339 640 2418 „Potane
657 2336 694 2418 1).

180 2671 204 2732 1)
223 2671 307 2721 Multo
326 2670 433 2735 majoris
452 2673 579 2720 momenti
596 2671 679 2720 fuisse
698 2669 874 2720 differentiam
892 2668 926 2718 ad
944 2665 1048 2716 modum
1062 2665 1223 2730 procedendi
1235 2682 1292 2730 per·

108 2757 243 2805 tinentem
261 2756 330 2805 inter
343 2754 446 2818 judicia
463 2753 571 2819 publica
594 2759 622 2803 et
649 2755 759 2804 crimina
783 2753 993 2802 extraordinaria
1011 2755 1084 2815 puto,
1111 2765 1189 2814 qoam
1206 2750 1293 2799 adhuc

108 2841 161 2888 leti
180 2839 301 2888 arbitrati
320 2843 391 2889 suut.

27 2991 28 2994 Ἴ
179 2925 205 2980 2)
223 2923 282 2984 Qua
301 2922 334 2972 de
351 2938 433 2972 eausa
449 2922 515 2972 haec
536 2921 647 2970 abolitio
673 2920 801 2986 appellari
819 2919 888 2968 solet
905 2917 1031 2980 ,abolitio
1051 2933 1082 2970 ex
1108 2913 1195 2981 lege“.
1231 2917 1294 2978 Agit

108 3006 144 3053 de
163 3021 195 3054 ea
212 3005 461 3064 Herrmannus,
480 3005 521 3054 De
538 3004 684 3054 abolitione
704 3019 731 3066 p.
750 3003 858 3050 78-81,

179 3087 205 3148 3)
225 3089 270 3138 cir.
289 3089 531 3138 Herrmannus
549 3087 599 3136 loc.
620 3091 664 3136 cit.
684 3105 708 3150 p.
726 3087 767 3136 80.

21 3220 23 3240 3
177 3170 203 3233 4)
222 3171 261 3219 Ex
281 3171 363 3234 ipsius
382 3173 421 3220 rei
439 3176 535 3220 natura
563 3173 692 3236 sequitur,
716 3173 745 3219 ut
770 3171 909 3218 accusator
925 3183 965 3215 reo
990 3173 1088 3215 mortuo
1107 3163 1290 3228 perducendae

22 3241 33 3316 1,
113 3256 294 3306 accusationis
313 3254 397 3303 officio
421 3254 547 3304 liberatus
575 3257 618 3315 sit,
642 3269 799 3319 quamquam
826 3267 885 3313 ,reo
912 3255 1015 3298 mortuo
1032 3265 1084 3298 non
1103 3249 1190 3312 ipsum
1215 3248 1294 3296 delic-

113 3346 171 3388 tum
190 3338 323 3386 interiisse
340 3337 427 3386 risum
445 3337 536 3396 fnisse,
564 3338 611 3386 sed
638 3341 739 3387 tanturn
766 3336 963 3384 accusatio-nem
982 3331 1087 3396 objecto
1104 3332 1194 3396 aliquo
1213 3332 1294 3394 impc-

109 3423 229 3470 dimento
251 3422 419 3470 terminatam
438 3425 548 3484 apparet
567 3437 599 3469 ex
618 3421 641 3480 ξ.
664 3425 672 3468 1
693 3420 720 3470 J.
740 3419 761 3479 l,
780 3420 812 3466 26
830 3417 862 3467 de
880 3416 1011 3479 suspectis
1029 3416 1170 3474 tutoribus,
1189 3413 1206 3461 l.
1226 3416 1240 3461 3
1259 3413 1291 3462 D.

17 3499 32 3564 3]
109 3507 153 3566 48,
186 3508 196 3552 1
224 3505 256 3552 de
283 3503 372 3567 public
404 3501 496 3566 judie,
526 3503 543 3553 l.
573 3504 623 3564 i§.
648 3504 714 3552 41).
734 3504 775 3563 48,
795 3503 827 3550 37
846 3501 879 3550 de
897 3501 994 3564 requir.
1013 3499 1056 3548 vel
1074 3499 1176 3547 absent.
1196 3496 1293 3557 dama,

113 3590 131 3637 l.
149 3591 165 3635 ‘2
184 3587 212 3636 C.
231 3588 255 3647 9,
274 3587 289 3634 6
308 3588 331 3635 si
347 3601 407 3635 reus
426 3586 469 3634 vel
486 3591 637 3648 accusator,
655 3603 687 3636 ac
703 3583 842 3647 bonejam
873 3585 1029 3632 annotatum
1048 3585 1088 3628 est
1106 3596 1122 3628 a
1139 3578 1296 3628 Rosshir-

110 3672 162 3720 tio
180 3669 293 3719 Gruudr.
319 3669 364 3718 des
384 3669 479 3718 Straiv.
499 3685 522 3732 p.
549 3667 628 3718 376⁸:
647 3671 684 3719 ita
709 3667 947 3717 Herrmsnnus
974 3665 991 3712 l.
1013 3681 1035 3712 e.
1052 3679 1077 3726 p.
1098 3663 1136 3712 10.
1172 3661 1233 3710 Non
1251 3663 1295 3710 ob-

14 3743 32 3771 1
113 3757 175 3812 stat,
194 3751 264 3816 quod
293 3749 439 3814 majestatis
464 3756 491 3800 et
517 3752 721 3815 repetundarum
745 3750 878 3800 accusatio
904 3750 984 3798 etiam
1009 3751 1111 3796 mortuo
1131 3761 1176 3794 reo
1197 3744 1294 3794 deferri

14 3831 28 3872 111
113 3840 226 3898 poterat.

210 3919 313 3978 Restat,
343 3922 372 3966 ut
396 3921 529 3976 annotetn,
561 3917 686 3978 remedia,
710 3917 807 3981 quibus
834 3915 948 3965 Romani
974 3913 1125 3972 utebantur,
1151 3915 1181 3960 ut
1194 3910 1296 3974 judicio

17 4041 34 4075 ‘a
111 4015 172 4052 reus
190 4001 297 4050 sisteret
316 4028 344 4036 -ν
363 4001 414 4051 tria
433 4015 533 4062 genera
549 4001 730 4050 custodiarum
749 3999 854 4064 aliaque
874 3998 962 4046 omnia
979 4023 1011 4031 -
1030 3995 1106 4046 nobis
1127 3994 1225 4044 nullius
1244 4011 1297 4043 mo-

17 4119 40 4165 ,p
112 4087 195 4134 menti
213 4085 304 4144 luisse,
323 4099 381 4134 cum
407 4083 497 4134 eadem
517 4085 544 4132 in
562 4099 686 4148 processu
710 4099 743 4133 ex
761 4082 944 4147 dispositionis
963 4095 1068 4144 quoque
1086 4080 1219 4144 principio
1238 4093 1296 4142 pro-

26 4160 28 4184 1
112 4171 211 4219 fluente
228 4171 339 4235 reperiri
356 4172 466 4234 possint.
484 4169 650 4219 Necessitate
669 4167 820 4232 probandae
833 4163 1003 4216 innocentiae
1022 4163 1105 4212 multo
1120 4163 1204 4227 magis
1222 4177 1296 4211 reum

112 4253 208 4304 vinciri
227 4269 305 4318 quam
323 4254 424 4304 eatenis
444 4254 508 4304 setis
527 4255 641 4303 constat.
