<?xml version="1.0" encoding="UTF-8"?>
<!DOCTYPE html PUBLIC "-//W3C//DTD XHTML 1.0 Transitional//EN"
    "http://www.w3.org/TR/xhtml1/DTD/xhtml1-transitional.dtd">
<html xmlns="http://www.w3.org/1999/xhtml" xml:lang="en" lang="en">
 <head>
  <title>
</title>
<meta http-equiv="Content-Type" content="text/html;charset=utf-8" />
  <meta name='ocr-system' content='tesseract 3.04.00' />
  <meta name='ocr-capabilities' content='ocr_page ocr_carea ocr_par ocr_line ocrx_word'/>
</head>
<body>
  <div class='ocr_page' id='page_1' title='image "./denaturainquisi00bindgoog_0054.png"; bbox 0 0 3082 4966; ppageno 0'>
   <div class='ocr_carea' id='block_1_1' title="bbox 624 353 829 418">
    <p class='ocr_par' dir='ltr' id='par_1_1' title="bbox 624 353 829 418">
     <span class='ocr_line' id='line_1_1' title="bbox 624 353 829 418; baseline 0.01 -16"><span class='ocrx_word' id='word_1_1' title='bbox 624 353 829 418; x_wconf 68' lang='grc'>,45-</span> 
     </span>
    </p>
   </div>
   <div class='ocr_carea' id='block_1_2' title="bbox 426 557 1027 833">
    <p class='ocr_par' dir='ltr' id='par_1_2' title="bbox 426 557 1027 833">
     <span class='ocr_line' id='line_1_2' title="bbox 525 557 991 626; baseline 0 -1"><span class='ocrx_word' id='word_1_2' title='bbox 525 561 674 626; x_wconf 79' lang='lat' dir='ltr'>curun</span> <span class='ocrx_word' id='word_1_3' title='bbox 695 557 921 625; x_wconf 81' lang='lat' dir='ltr'>Anrnauu.</span> <span class='ocrx_word' id='word_1_4' title='bbox 988 601 991 606; x_wconf 83' lang='lat'>-</span> 
     </span>
     <span class='ocr_line' id='line_1_3' title="bbox 426 726 1027 833; baseline 0.002 -16"><span class='ocrx_word' id='word_1_5' title='bbox 426 729 485 818; x_wconf 79' lang='lat' dir='ltr'>uu</span> <span class='ocrx_word' id='word_1_6' title='bbox 516 728 672 819; x_wconf 75' lang='lat' dir='ltr'>sollu</span> <span class='ocrx_word' id='word_1_7' title='bbox 702 726 1027 833; x_wconf 77' lang='lat' dir='ltr'>lloursuouul.</span> 
     </span>
    </p>
   </div>
   <div class='ocr_carea' id='block_1_3' title="bbox 132 927 1324 4176">
    <p class='ocr_par' dir='ltr' id='par_1_3' title="bbox 133 927 1317 1310">
     <span class='ocr_line' id='line_1_4' title="bbox 216 927 1315 1015; baseline 0 -23"><span class='ocrx_word' id='word_1_8' title='bbox 216 935 330 994; x_wconf 80' lang='lat' dir='ltr'>Restat</span> <span class='ocrx_word' id='word_1_9' title='bbox 352 940 386 992; x_wconf 90' lang='lat' dir='ltr'>ut</span> <span class='ocrx_word' id='word_1_10' title='bbox 419 953 583 1015; x_wconf 86' lang='lat' dir='ltr'>perpauca</span> <span class='ocrx_word' id='word_1_11' title='bbox 617 931 655 992; x_wconf 77' lang='lat' dir='ltr'>tle</span> <span class='ocrx_word' id='word_1_12' title='bbox 685 931 790 996; x_wconf 87' lang='lat' dir='ltr'>forma</span> <span class='ocrx_word' id='word_1_13' title='bbox 812 932 1015 1014; x_wconf 80' lang='lat' dir='ltr'>inquisitoris</span> <span class='ocrx_word' id='word_1_14' title='bbox 1038 931 1152 994; x_wconf 65' lang='lat' dir='ltr'>dicam,</span> <span class='ocrx_word' id='word_1_15' title='bbox 1196 927 1315 1008; x_wconf 82' lang='lat' dir='ltr'>Quam·</span> 
     </span>
     <span class='ocr_line' id='line_1_5' title="bbox 133 1029 1317 1115; baseline 0 -25"><span class='ocrx_word' id='word_1_16' title='bbox 133 1050 231 1112; x_wconf 86' lang='lat' dir='ltr'>quam</span> <span class='ocrx_word' id='word_1_17' title='bbox 257 1029 412 1096; x_wconf 84' lang='lat' dir='ltr'>Romanis</span> <span class='ocrx_word' id='word_1_18' title='bbox 435 1031 507 1115; x_wconf 87' lang='lat' dir='ltr'>ipsa</span> <span class='ocrx_word' id='word_1_19' title='bbox 530 1031 704 1113; x_wconf 76' lang='lat' dir='ltr'>appellatio</span> <span class='ocrx_word' id='word_1_20' title='bbox 727 1032 839 1113; x_wconf 82' lang='lat' dir='ltr'>ignota</span> <span class='ocrx_word' id='word_1_21' title='bbox 862 1038 920 1108; x_wconf 84' lang='lat' dir='ltr'>est,</span> <span class='ocrx_word' id='word_1_22' title='bbox 942 1038 1048 1092; x_wconf 86' lang='lat' dir='ltr'>tamen</span> <span class='ocrx_word' id='word_1_23' title='bbox 1073 1051 1124 1092; x_wconf 87' lang='lat' dir='ltr'>res</span> <span class='ocrx_word' id='word_1_24' title='bbox 1147 1029 1317 1092; x_wconf 90' lang='lat' dir='ltr'>iuvenitur.</span> 
     </span>
     <span class='ocr_line' id='line_1_6' title="bbox 137 1124 1317 1213; baseline -0.002 -23"><span class='ocrx_word' id='word_1_25' title='bbox 137 1128 172 1190; x_wconf 88' lang='lat' dir='ltr'>ln</span> <span class='ocrx_word' id='word_1_26' title='bbox 197 1128 304 1210; x_wconf 87' lang='lat' dir='ltr'>priore</span> <span class='ocrx_word' id='word_1_27' title='bbox 328 1137 419 1212; x_wconf 83' lang='lat' dir='ltr'>parte</span> <span class='ocrx_word' id='word_1_28' title='bbox 449 1127 543 1213; x_wconf 86' lang='lat' dir='ltr'>hujus</span> <span class='ocrx_word' id='word_1_29' title='bbox 575 1127 673 1190; x_wconf 79' lang='lat' dir='ltr'>libelli</span> <span class='ocrx_word' id='word_1_30' title='bbox 704 1149 821 1190; x_wconf 58' lang='lat' dir='ltr'>(fauisse</span> <span class='ocrx_word' id='word_1_31' title='bbox 854 1136 1060 1190; x_wconf 68' lang='lat' dir='ltr'>enumeratae</span> <span class='ocrx_word' id='word_1_32' title='bbox 1089 1135 1173 1205; x_wconf 75' lang='lat' dir='ltr'>erint,</span> <span class='ocrx_word' id='word_1_33' title='bbox 1202 1124 1317 1210; x_wconf 89' lang='lat' dir='ltr'>quibus</span> 
     </span>
     <span class='ocr_line' id='line_1_7' title="bbox 134 1223 1295 1310; baseline -0.004 -21"><span class='ocrx_word' id='word_1_34' title='bbox 134 1227 327 1310; x_wconf 87' lang='lat' dir='ltr'>principium</span> <span class='ocrx_word' id='word_1_35' title='bbox 350 1229 554 1290; x_wconf 76' lang='lat' dir='ltr'>necessitatis</span> <span class='ocrx_word' id='word_1_36' title='bbox 579 1229 609 1290; x_wconf 93' lang='lat' dir='ltr'>in</span> <span class='ocrx_word' id='word_1_37' title='bbox 640 1229 745 1290; x_wconf 86' lang='lat' dir='ltr'>forma</span> <span class='ocrx_word' id='word_1_38' title='bbox 767 1229 969 1310; x_wconf 89' lang='lat' dir='ltr'>inquisitoria</span> <span class='ocrx_word' id='word_1_39' title='bbox 993 1227 1147 1310; x_wconf 75' lang='lat' dir='ltr'>cognosci</span> <span class='ocrx_word' id='word_1_40' title='bbox 1170 1223 1295 1288; x_wconf 85' lang='lat' dir='ltr'>debeat.</span> 
     </span>
    </p>

    <p class='ocr_par' dir='ltr' id='par_1_4' title="bbox 132 1322 1321 2894">
     <span class='ocr_line' id='line_1_8' title="bbox 218 1322 1317 1408; baseline 0 -22"><span class='ocrx_word' id='word_1_41' title='bbox 218 1322 313 1402; x_wconf 78' lang='lat' dir='ltr'>Quod</span> <span class='ocrx_word' id='word_1_42' title='bbox 340 1326 476 1390; x_wconf 84' lang='lat' dir='ltr'>Romani</span> <span class='ocrx_word' id='word_1_43' title='bbox 511 1327 622 1390; x_wconf 87' lang='lat' dir='ltr'>dicunt</span> <span class='ocrx_word' id='word_1_44' title='bbox 651 1328 740 1406; x_wconf 79' lang='lat' dir='ltr'>„sine</span> <span class='ocrx_word' id='word_1_45' title='bbox 773 1332 994 1403; x_wconf 77' lang='lat' dir='ltr'>aucrrsator·c“,</span> <span class='ocrx_word' id='word_1_46' title='bbox 1032 1327 1222 1408; x_wconf 89' lang='lat' dir='ltr'>plerumque</span> <span class='ocrx_word' id='word_1_47' title='bbox 1252 1347 1317 1386; x_wconf 89' lang='lat' dir='ltr'>non</span> 
     </span>
     <span class='ocr_line' id='line_1_9' title="bbox 134 1423 1317 1510; baseline 0.002 -27"><span class='ocrx_word' id='word_1_48' title='bbox 134 1424 238 1484; x_wconf 85' lang='lat' dir='ltr'>solum</span> <span class='ocrx_word' id='word_1_49' title='bbox 262 1423 304 1486; x_wconf 87' lang='lat' dir='ltr'>ad</span> <span class='ocrx_word' id='word_1_50' title='bbox 325 1446 497 1507; x_wconf 77' lang='lat' dir='ltr'>processus</span> <span class='ocrx_word' id='word_1_51' title='bbox 521 1427 668 1502; x_wconf 81' lang='lat' dir='ltr'>formam,</span> <span class='ocrx_word' id='word_1_52' title='bbox 692 1423 750 1486; x_wconf 91' lang='lat' dir='ltr'>sed</span> <span class='ocrx_word' id='word_1_53' title='bbox 775 1425 815 1488; x_wconf 86' lang='lat' dir='ltr'>ad</span> <span class='ocrx_word' id='word_1_54' title='bbox 846 1427 916 1510; x_wconf 86' lang='lat' dir='ltr'>ejus</span> <span class='ocrx_word' id='word_1_55' title='bbox 940 1426 1131 1508; x_wconf 86' lang='lat' dir='ltr'>principium</span> <span class='ocrx_word' id='word_1_56' title='bbox 1154 1425 1317 1507; x_wconf 89' lang='lat' dir='ltr'>pertinere</span> 
     </span>
     <span class='ocr_line' id='line_1_10' title="bbox 132 1519 1317 1608; baseline 0 -24"><span class='ocrx_word' id='word_1_57' title='bbox 132 1519 291 1602; x_wconf 75' lang='lat' dir='ltr'>vidirnns3</span> <span class='ocrx_word' id='word_1_58' title='bbox 314 1521 368 1584; x_wconf 91' lang='lat' dir='ltr'>ubi</span> <span class='ocrx_word' id='word_1_59' title='bbox 385 1532 490 1586; x_wconf 87' lang='lat' dir='ltr'>autem</span> <span class='ocrx_word' id='word_1_60' title='bbox 513 1525 545 1588; x_wconf 90' lang='lat' dir='ltr'>in</span> <span class='ocrx_word' id='word_1_61' title='bbox 567 1543 723 1608; x_wconf 88' lang='lat' dir='ltr'>processu</span> <span class='ocrx_word' id='word_1_62' title='bbox 739 1523 897 1588; x_wconf 87' lang='lat' dir='ltr'>criminali</span> <span class='ocrx_word' id='word_1_63' title='bbox 918 1522 1022 1587; x_wconf 81' lang='lat' dir='ltr'>nullus</span> <span class='ocrx_word' id='word_1_64' title='bbox 1039 1532 1210 1586; x_wconf 87' lang='lat' dir='ltr'>aecusator</span> <span class='ocrx_word' id='word_1_65' title='bbox 1233 1524 1317 1584; x_wconf 88' lang='lat' dir='ltr'>exsi-</span> 
     </span>
     <span class='ocr_line' id='line_1_11' title="bbox 136 1621 1318 1708; baseline 0.002 -26"><span class='ocrx_word' id='word_1_66' title='bbox 136 1629 211 1700; x_wconf 83' lang='lat' dir='ltr'>stat,</span> <span class='ocrx_word' id='word_1_67' title='bbox 235 1621 298 1684; x_wconf 92' lang='lat' dir='ltr'>alia</span> <span class='ocrx_word' id='word_1_68' title='bbox 320 1622 425 1686; x_wconf 77' lang='lat' dir='ltr'>foruna</span> <span class='ocrx_word' id='word_1_69' title='bbox 447 1645 542 1705; x_wconf 87' lang='lat' dir='ltr'>quam</span> <span class='ocrx_word' id='word_1_70' title='bbox 572 1623 776 1708; x_wconf 78' lang='lat' dir='ltr'>inquisitoris</span> <span class='ocrx_word' id='word_1_71' title='bbox 799 1624 936 1706; x_wconf 84' lang='lat' dir='ltr'>cogitari</span> <span class='ocrx_word' id='word_1_72' title='bbox 959 1645 1023 1686; x_wconf 92' lang='lat' dir='ltr'>non</span> <span class='ocrx_word' id='word_1_73' title='bbox 1045 1631 1160 1706; x_wconf 87' lang='lat' dir='ltr'>potest.</span> <span class='ocrx_word' id='word_1_74' title='bbox 1205 1623 1318 1703; x_wconf 88' lang='lat' dir='ltr'>Perju-</span> 
     </span>
     <span class='ocr_line' id='line_1_12' title="bbox 134 1720 1318 1800; baseline 0.001 -19"><span class='ocrx_word' id='word_1_75' title='bbox 134 1720 274 1784; x_wconf 89' lang='lat' dir='ltr'>cundum</span> <span class='ocrx_word' id='word_1_76' title='bbox 299 1721 393 1799; x_wconf 84' lang='lat' dir='ltr'>foret,</span> <span class='ocrx_word' id='word_1_77' title='bbox 425 1722 452 1784; x_wconf 89' lang='lat' dir='ltr'>si</span> <span class='ocrx_word' id='word_1_78' title='bbox 480 1721 520 1782; x_wconf 88' lang='lat' dir='ltr'>de</span> <span class='ocrx_word' id='word_1_79' title='bbox 550 1721 610 1784; x_wconf 85' lang='lat' dir='ltr'>hac</span> <span class='ocrx_word' id='word_1_80' title='bbox 643 1721 748 1783; x_wconf 87' lang='lat' dir='ltr'>forma</span> <span class='ocrx_word' id='word_1_81' title='bbox 779 1723 961 1786; x_wconf 83' lang='lat' dir='ltr'>accuratius</span> <span class='ocrx_word' id='word_1_82' title='bbox 992 1722 1140 1784; x_wconf 85' lang='lat' dir='ltr'>instructi</span> <span class='ocrx_word' id='word_1_83' title='bbox 1164 1744 1318 1800; x_wconf 75' lang='lat' dir='ltr'>essentne,</span> 
     </span>
     <span class='ocr_line' id='line_1_13' title="bbox 136 1818 1316 1904; baseline 0.002 -24"><span class='ocrx_word' id='word_1_84' title='bbox 136 1818 195 1880; x_wconf 86' lang='lat' dir='ltr'>sed</span> <span class='ocrx_word' id='word_1_85' title='bbox 219 1819 325 1888; x_wconf 82' lang='lat' dir='ltr'>fontes</span> <span class='ocrx_word' id='word_1_86' title='bbox 348 1821 450 1884; x_wconf 86' lang='lat' dir='ltr'>nostri</span> <span class='ocrx_word' id='word_1_87' title='bbox 482 1819 566 1882; x_wconf 78' lang='lat' dir='ltr'>harre</span> <span class='ocrx_word' id='word_1_88' title='bbox 596 1842 663 1884; x_wconf 86' lang='lat' dir='ltr'>reru</span> <span class='ocrx_word' id='word_1_89' title='bbox 695 1820 764 1882; x_wconf 85' lang='lat' dir='ltr'>fere</span> <span class='ocrx_word' id='word_1_90' title='bbox 797 1821 926 1882; x_wconf 90' lang='lat' dir='ltr'>omnino</span> <span class='ocrx_word' id='word_1_91' title='bbox 948 1827 1156 1904; x_wconf 84' lang='lat' dir='ltr'>praetereunt</span> <span class='ocrx_word' id='word_1_92' title='bbox 1180 1819 1316 1896; x_wconf 83' lang='lat' dir='ltr'>silentiu,</span> 
     </span>
     <span class='ocr_line' id='line_1_14' title="bbox 137 1919 922 2004; baseline 0 -24"><span class='ocrx_word' id='word_1_93' title='bbox 137 1919 184 1980; x_wconf 92' lang='lat' dir='ltr'>ita</span> <span class='ocrx_word' id='word_1_94' title='bbox 206 1926 239 1980; x_wconf 85' lang='lat' dir='ltr'>ut</span> <span class='ocrx_word' id='word_1_95' title='bbox 262 1919 457 2004; x_wconf 86' lang='lat' dir='ltr'>conjecturis</span> <span class='ocrx_word' id='word_1_96' title='bbox 480 1921 697 1982; x_wconf 85' lang='lat' dir='ltr'>vastissimum</span> <span class='ocrx_word' id='word_1_97' title='bbox 722 1921 763 1985; x_wconf 90' lang='lat' dir='ltr'>sit</span> <span class='ocrx_word' id='word_1_98' title='bbox 784 1921 922 2003; x_wconf 86' lang='lat' dir='ltr'>spatium</span> 
     </span>
     <span class='ocr_line' id='line_1_15' title="bbox 138 2016 1320 2102; baseline -0.003 -20"><span class='ocrx_word' id='word_1_99' title='bbox 138 2076 142 2087; x_wconf 93' lang='grc'><em>,</em></span> <span class='ocrx_word' id='word_1_100' title='bbox 223 2019 272 2082; x_wconf 89' lang='lat' dir='ltr'>De</span> <span class='ocrx_word' id='word_1_101' title='bbox 295 2020 503 2102; x_wconf 81' lang='lat' dir='ltr'>inscriptione</span> <span class='ocrx_word' id='word_1_102' title='bbox 533 2018 683 2100; x_wconf 88' lang='lat' dir='ltr'>nilecrti</span> <span class='ocrx_word' id='word_1_103' title='bbox 710 2021 882 2082; x_wconf 80' lang='lat' dir='ltr'>invenitur.</span> <span class='ocrx_word' id='word_1_104' title='bbox 924 2019 1134 2085; x_wconf 81' lang='lat' dir='ltr'>Accusatoris</span> <span class='ocrx_word' id='word_1_105' title='bbox 1158 2016 1320 2101; x_wconf 86' lang='lat' dir='ltr'>subscrip-</span> 
     </span>
     <span class='ocr_line' id='line_1_16' title="bbox 139 2116 1319 2180; baseline 0.003 -5"><span class='ocrx_word' id='word_1_106' title='bbox 139 2117 259 2178; x_wconf 82' lang='lat' dir='ltr'>tionem</span> <span class='ocrx_word' id='word_1_107' title='bbox 284 2125 315 2177; x_wconf 88' lang='lat' dir='ltr'>et</span> <span class='ocrx_word' id='word_1_108' title='bbox 330 2117 394 2179; x_wconf 90' lang='lat' dir='ltr'>litis</span> <span class='ocrx_word' id='word_1_109' title='bbox 417 2120 703 2180; x_wconf 82' lang='lat' dir='ltr'>constestaticnem</span> <span class='ocrx_word' id='word_1_110' title='bbox 727 2119 898 2179; x_wconf 84' lang='lat' dir='ltr'>evanuisse</span> <span class='ocrx_word' id='word_1_111' title='bbox 914 2118 1099 2178; x_wconf 83' lang='lat' dir='ltr'>necessario</span> <span class='ocrx_word' id='word_1_112' title='bbox 1123 2116 1319 2178; x_wconf 88' lang='lat' dir='ltr'>credendum</span> 
     </span>
     <span class='ocr_line' id='line_1_17' title="bbox 142 2214 1319 2300; baseline 0.001 -24"><span class='ocrx_word' id='word_1_113' title='bbox 142 2222 200 2276; x_wconf 87' lang='lat' dir='ltr'>est.</span> <span class='ocrx_word' id='word_1_114' title='bbox 244 2214 309 2281; x_wconf 79' lang='lat' dir='ltr'>Sed</span> <span class='ocrx_word' id='word_1_115' title='bbox 331 2215 362 2278; x_wconf 79' lang='lat' dir='ltr'>id</span> <span class='ocrx_word' id='word_1_116' title='bbox 387 2239 484 2280; x_wconf 90' lang='lat' dir='ltr'>unum</span> <span class='ocrx_word' id='word_1_117' title='bbox 507 2224 643 2295; x_wconf 85' lang='lat' dir='ltr'>constat,</span> <span class='ocrx_word' id='word_1_118' title='bbox 665 2237 792 2280; x_wconf 89' lang='lat' dir='ltr'>reorum</span> <span class='ocrx_word' id='word_1_119' title='bbox 816 2215 1033 2278; x_wconf 86' lang='lat' dir='ltr'>conditionem</span> <span class='ocrx_word' id='word_1_120' title='bbox 1063 2215 1168 2278; x_wconf 88' lang='lat' dir='ltr'>forma</span> <span class='ocrx_word' id='word_1_121' title='bbox 1189 2216 1319 2300; x_wconf 90' lang='lat' dir='ltr'>inquisi-</span> 
     </span>
     <span class='ocr_line' id='line_1_18' title="bbox 142 2315 1319 2400; baseline 0.004 -27"><span class='ocrx_word' id='word_1_122' title='bbox 142 2315 224 2376; x_wconf 88' lang='lat' dir='ltr'>toriu</span> <span class='ocrx_word' id='word_1_123' title='bbox 246 2338 312 2378; x_wconf 90' lang='lat' dir='ltr'>non</span> <span class='ocrx_word' id='word_1_124' title='bbox 334 2337 406 2378; x_wconf 90' lang='lat' dir='ltr'>esse</span> <span class='ocrx_word' id='word_1_125' title='bbox 429 2317 631 2378; x_wconf 85' lang='lat' dir='ltr'>immutatam</span> <span class='ocrx_word' id='word_1_126' title='bbox 655 2325 687 2376; x_wconf 91' lang='lat' dir='ltr'>et</span> <span class='ocrx_word' id='word_1_127' title='bbox 705 2317 760 2400; x_wconf 85' lang='lat' dir='ltr'>jus</span> <span class='ocrx_word' id='word_1_128' title='bbox 783 2316 983 2380; x_wconf 84' lang='lat' dir='ltr'>defensionis</span> <span class='ocrx_word' id='word_1_129' title='bbox 1006 2316 1137 2378; x_wconf 90' lang='lat' dir='ltr'>omnino</span> <span class='ocrx_word' id='word_1_130' title='bbox 1159 2315 1319 2396; x_wconf 83' lang='lat' dir='ltr'>integrum</span> 
     </span>
     <span class='ocr_line' id='line_1_19' title="bbox 139 2412 1320 2498; baseline 0.001 -25"><span class='ocrx_word' id='word_1_131' title='bbox 139 2413 178 2474; x_wconf 85' lang='lat' dir='ltr'>iis</span> <span class='ocrx_word' id='word_1_132' title='bbox 202 2416 404 2478; x_wconf 83' lang='lat' dir='ltr'>remansisse.</span> <span class='ocrx_word' id='word_1_133' title='bbox 448 2417 560 2498; x_wconf 87' lang='lat' dir='ltr'>ltaque</span> <span class='ocrx_word' id='word_1_134' title='bbox 584 2413 668 2498; x_wconf 87' lang='lat' dir='ltr'>quod</span> <span class='ocrx_word' id='word_1_135' title='bbox 692 2413 769 2476; x_wconf 85' lang='lat' dir='ltr'>dicit</span> <span class='ocrx_word' id='word_1_136' title='bbox 791 2412 910 2476; x_wconf 88' lang='lat' dir='ltr'>Paulus</span> <span class='ocrx_word' id='word_1_137' title='bbox 932 2413 982 2496; x_wconf 80' lang='lat' dir='ltr'>(R.</span> <span class='ocrx_word' id='word_1_138' title='bbox 1007 2414 1037 2475; x_wconf 77' lang='lat' dir='ltr'>S.</span> <span class='ocrx_word' id='word_1_139' title='bbox 1064 2413 1098 2474; x_wconf 86' lang='lat' dir='ltr'>V.</span> <span class='ocrx_word' id='word_1_140' title='bbox 1121 2413 1173 2492; x_wconf 79' lang='lat'>16,</span> <span class='ocrx_word' id='word_1_141' title='bbox 1195 2417 1223 2492; x_wconf 66' lang='grc' dir='ltr'>ξ.</span> <span class='ocrx_word' id='word_1_142' title='bbox 1248 2415 1320 2496; x_wconf 86' lang='lat'>14):</span> 
     </span>
     <span class='ocr_line' id='line_1_20' title="bbox 142 2509 1319 2592; baseline -0.003 -17"><span class='ocrx_word' id='word_1_143' title='bbox 142 2510 238 2590; x_wconf 74' lang='lat' dir='ltr'>„Reis</span> <span class='ocrx_word' id='word_1_144' title='bbox 263 2513 328 2576; x_wconf 90' lang='lat' dir='ltr'>suis</span> <span class='ocrx_word' id='word_1_145' title='bbox 352 2513 448 2580; x_wconf 61' lang='lat' dir='ltr'>eslere</span> <span class='ocrx_word' id='word_1_146' title='bbox 472 2513 608 2579; x_wconf 87' lang='lat' dir='ltr'>crimina</span> <span class='ocrx_word' id='word_1_147' title='bbox 630 2519 838 2582; x_wconf 81' lang='lat' dir='ltr'>accusatores</span> <span class='ocrx_word' id='word_1_148' title='bbox 854 2509 992 2592; x_wconf 78' lang='lat' dir='ltr'>cogendi</span> <span class='ocrx_word' id='word_1_149' title='bbox 1014 2517 1104 2591; x_wconf 80' lang='lat' dir='ltr'>sunt3</span> <span class='ocrx_word' id='word_1_150' title='bbox 1127 2513 1211 2574; x_wconf 89' lang='lat' dir='ltr'>scire</span> <span class='ocrx_word' id='word_1_151' title='bbox 1235 2513 1319 2573; x_wconf 88' lang='lat' dir='ltr'>enim</span> 
     </span>
     <span class='ocr_line' id='line_1_21' title="bbox 140 2607 1321 2694; baseline -0.001 -23"><span class='ocrx_word' id='word_1_152' title='bbox 140 2617 277 2694; x_wconf 87' lang='lat' dir='ltr'>oportet,</span> <span class='ocrx_word' id='word_1_153' title='bbox 299 2611 415 2694; x_wconf 87' lang='lat' dir='ltr'>quibus</span> <span class='ocrx_word' id='word_1_154' title='bbox 438 2613 501 2674; x_wconf 86' lang='lat' dir='ltr'>sint</span> <span class='ocrx_word' id='word_1_155' title='bbox 523 2609 709 2674; x_wconf 85' lang='lat' dir='ltr'>criminibus</span> <span class='ocrx_word' id='word_1_156' title='bbox 740 2610 957 2693; x_wconf 57' lang='lat' dir='ltr'>responsuri‘t</span> <span class='ocrx_word' id='word_1_157' title='bbox 988 2630 1073 2672; x_wconf 87' lang='lat' dir='ltr'>nunc</span> <span class='ocrx_word' id='word_1_158' title='bbox 1096 2608 1136 2679; x_wconf 87' lang='lat' dir='ltr'>de</span> <span class='ocrx_word' id='word_1_159' title='bbox 1155 2607 1321 2693; x_wconf 86' lang='lat' dir='ltr'>judicibus</span> 
     </span>
     <span class='ocr_line' id='line_1_22' title="bbox 140 2708 1320 2794; baseline 0 -24"><span class='ocrx_word' id='word_1_160' title='bbox 140 2730 212 2770; x_wconf 88' lang='lat' dir='ltr'>esse</span> <span class='ocrx_word' id='word_1_161' title='bbox 236 2709 406 2780; x_wconf 86' lang='lat' dir='ltr'>dicendum</span> <span class='ocrx_word' id='word_1_162' title='bbox 429 2717 515 2794; x_wconf 91' lang='lat' dir='ltr'>puto.</span> <span class='ocrx_word' id='word_1_163' title='bbox 560 2709 644 2774; x_wconf 84' lang='lat' dir='ltr'>Nem</span> <span class='ocrx_word' id='word_1_164' title='bbox 667 2710 768 2772; x_wconf 87' lang='lat' dir='ltr'>solum</span> <span class='ocrx_word' id='word_1_165' title='bbox 795 2709 854 2792; x_wconf 62' lang='lat' dir='ltr'>‘qui</span> <span class='ocrx_word' id='word_1_166' title='bbox 876 2708 936 2770; x_wconf 89' lang='lat' dir='ltr'>scit</span> <span class='ocrx_word' id='word_1_167' title='bbox 957 2709 1208 2783; x_wconf 81' lang='lat' dir='ltr'>accusationem,</span> <span class='ocrx_word' id='word_1_168' title='bbox 1231 2709 1320 2770; x_wconf 92' lang='lat' dir='ltr'>inno·</span> 
     </span>
     <span class='ocr_line' id='line_1_23' title="bbox 142 2808 583 2894; baseline 0.009 -26"><span class='ocrx_word' id='word_1_169' title='bbox 142 2808 282 2874; x_wconf 82' lang='lat' dir='ltr'>centiam</span> <span class='ocrx_word' id='word_1_170' title='bbox 307 2808 445 2892; x_wconf 87' lang='lat' dir='ltr'>probare</span> <span class='ocrx_word' id='word_1_171' title='bbox 469 2817 583 2894; x_wconf 89' lang='lat' dir='ltr'>petest.</span> 
     </span>
    </p>

    <p class='ocr_par' dir='ltr' id='par_1_5' title="bbox 140 2904 1324 3684">
     <span class='ocr_line' id='line_1_24' title="bbox 222 2904 1320 2994; baseline -0.004 -24"><span class='ocrx_word' id='word_1_172' title='bbox 222 2905 295 2986; x_wconf 77' lang='lat' dir='ltr'>Qua</span> <span class='ocrx_word' id='word_1_173' title='bbox 318 2907 357 2970; x_wconf 79' lang='lat' dir='ltr'>oo</span> <span class='ocrx_word' id='word_1_174' title='bbox 381 2929 480 2972; x_wconf 89' lang='lat' dir='ltr'>causa</span> <span class='ocrx_word' id='word_1_175' title='bbox 502 2931 675 2994; x_wconf 89' lang='lat' dir='ltr'>numquam</span> <span class='ocrx_word' id='word_1_176' title='bbox 699 2909 792 2993; x_wconf 84' lang='lat' dir='ltr'>qussi</span> <span class='ocrx_word' id='word_1_177' title='bbox 812 2907 958 2970; x_wconf 87' lang='lat' dir='ltr'>veritatis</span> <span class='ocrx_word' id='word_1_178' title='bbox 982 2904 1083 2968; x_wconf 85' lang='lat' dir='ltr'>solum</span> <span class='ocrx_word' id='word_1_179' title='bbox 1107 2907 1320 2970; x_wconf 85' lang='lat' dir='ltr'>instrumento</span> 
     </span>
     <span class='ocr_line' id='line_1_25' title="bbox 141 3003 1321 3094; baseline 0 -26"><span class='ocrx_word' id='word_1_180' title='bbox 141 3027 274 3088; x_wconf 90' lang='lat' dir='ltr'>praeses</span> <span class='ocrx_word' id='word_1_181' title='bbox 296 3027 351 3072; x_wconf 89' lang='lat' dir='ltr'>reo</span> <span class='ocrx_word' id='word_1_182' title='bbox 373 3008 419 3070; x_wconf 92' lang='lat' dir='ltr'>uti</span> <span class='ocrx_word' id='word_1_183' title='bbox 435 3015 576 3090; x_wconf 86' lang='lat' dir='ltr'>poterat,</span> <span class='ocrx_word' id='word_1_184' title='bbox 599 3009 880 3094; x_wconf 61' lang='lat' dir='ltr'>quamquani.jarrr</span> <span class='ocrx_word' id='word_1_185' title='bbox 904 3003 1024 3068; x_wconf 87' lang='lat' dir='ltr'>Paulus</span> <span class='ocrx_word' id='word_1_186' title='bbox 1048 3025 1157 3066; x_wconf 89' lang='lat' dir='ltr'>eorum</span> <span class='ocrx_word' id='word_1_187' title='bbox 1180 3011 1321 3087; x_wconf 85' lang='lat' dir='ltr'>potesta·</span> 
     </span>
     <span class='ocr_line' id='line_1_26' title="bbox 140 3101 1322 3189; baseline 0 -25"><span class='ocrx_word' id='word_1_188' title='bbox 140 3111 207 3166; x_wconf 88' lang='lat' dir='ltr'>tem</span> <span class='ocrx_word' id='word_1_189' title='bbox 228 3103 323 3168; x_wconf 88' lang='lat' dir='ltr'>valde</span> <span class='ocrx_word' id='word_1_190' title='bbox 347 3112 475 3170; x_wconf 82' lang='lat' dir='ltr'>auctam</span> <span class='ocrx_word' id='word_1_191' title='bbox 500 3128 572 3170; x_wconf 85' lang='lat' dir='ltr'>esse</span> <span class='ocrx_word' id='word_1_192' title='bbox 599 3107 799 3186; x_wconf 85' lang='lat' dir='ltr'>testificatur,</span> <span class='ocrx_word' id='word_1_193' title='bbox 833 3126 929 3189; x_wconf 87' lang='lat' dir='ltr'>quum</span> <span class='ocrx_word' id='word_1_194' title='bbox 953 3103 1039 3168; x_wconf 87' lang='lat' dir='ltr'>dicat</span> <span class='ocrx_word' id='word_1_195' title='bbox 1060 3105 1092 3166; x_wconf 87' lang='lat' dir='ltr'>in</span> <span class='ocrx_word' id='word_1_196' title='bbox 1116 3103 1133 3166; x_wconf 91' lang='lat' dir='ltr'>l.</span> <span class='ocrx_word' id='word_1_197' title='bbox 1155 3103 1196 3164; x_wconf 72' lang='lat'>22</span> <span class='ocrx_word' id='word_1_198' title='bbox 1218 3103 1259 3166; x_wconf 89' lang='lat' dir='ltr'>D.</span> <span class='ocrx_word' id='word_1_199' title='bbox 1282 3101 1322 3164; x_wconf 88' lang='lat' dir='ltr'>de</span> 
     </span>
     <span class='ocr_line' id='line_1_27' title="bbox 143 3201 1322 3286; baseline 0.001 -22"><span class='ocrx_word' id='word_1_200' title='bbox 143 3210 265 3286; x_wconf 88' lang='lat' dir='ltr'>quaest.</span> <span class='ocrx_word' id='word_1_201' title='bbox 287 3201 339 3282; x_wconf 81' lang='lat'>48,</span> <span class='ocrx_word' id='word_1_202' title='bbox 361 3202 417 3268; x_wconf 85' lang='lat'>18:</span> <span class='ocrx_word' id='word_1_203' title='bbox 462 3204 545 3284; x_wconf 79' lang='lat' dir='ltr'>„Qui</span> <span class='ocrx_word' id='word_1_204' title='bbox 567 3207 637 3268; x_wconf 87' lang='lat' dir='ltr'>sine</span> <span class='ocrx_word' id='word_1_205' title='bbox 659 3202 904 3269; x_wconf 85' lang='lat' dir='ltr'>accusatoribus</span> <span class='ocrx_word' id='word_1_206' title='bbox 940 3205 973 3266; x_wconf 93' lang='lat' dir='ltr'>in</span> <span class='ocrx_word' id='word_1_207' title='bbox 996 3202 1177 3266; x_wconf 86' lang='lat' dir='ltr'>custodiam</span> <span class='ocrx_word' id='word_1_208' title='bbox 1199 3205 1322 3286; x_wconf 86' lang='lat' dir='ltr'>recepti</span> 
     </span>
     <span class='ocr_line' id='line_1_28' title="bbox 143 3300 1321 3387; baseline 0.002 -25"><span class='ocrx_word' id='word_1_209' title='bbox 143 3308 226 3382; x_wconf 87' lang='lat' dir='ltr'>sunt,</span> <span class='ocrx_word' id='word_1_210' title='bbox 248 3303 394 3384; x_wconf 87' lang='lat' dir='ltr'>quaestio</span> <span class='ocrx_word' id='word_1_211' title='bbox 418 3303 458 3366; x_wconf 89' lang='lat' dir='ltr'>de</span> <span class='ocrx_word' id='word_1_212' title='bbox 478 3301 526 3366; x_wconf 84' lang='lat' dir='ltr'>his</span> <span class='ocrx_word' id='word_1_213' title='bbox 549 3302 700 3368; x_wconf 87' lang='lat' dir='ltr'>habenda</span> <span class='ocrx_word' id='word_1_214' title='bbox 722 3325 787 3368; x_wconf 90' lang='lat' dir='ltr'>non</span> <span class='ocrx_word' id='word_1_215' title='bbox 816 3311 873 3384; x_wconf 85' lang='lat' dir='ltr'>est,</span> <span class='ocrx_word' id='word_1_216' title='bbox 895 3304 956 3368; x_wconf 89' lang='lat' dir='ltr'>nisi</span> <span class='ocrx_word' id='word_1_217' title='bbox 980 3300 1141 3387; x_wconf 88' lang='lat' dir='ltr'>aliquibus</span> <span class='ocrx_word' id='word_1_218' title='bbox 1164 3303 1321 3386; x_wconf 83' lang='lat' dir='ltr'>suspicio-</span> 
     </span>
     <span class='ocr_line' id='line_1_29' title="bbox 143 3397 1323 3486; baseline 0 -23"><span class='ocrx_word' id='word_1_219' title='bbox 143 3397 238 3463; x_wconf 88' lang='lat' dir='ltr'>nibus</span> <span class='ocrx_word' id='word_1_220' title='bbox 260 3406 467 3481; x_wconf 60' lang='lat' dir='ltr'>urgeantur‘f,</span> <span class='ocrx_word' id='word_1_221' title='bbox 490 3402 582 3486; x_wconf 87' lang='lat' dir='ltr'>cujus</span> <span class='ocrx_word' id='word_1_222' title='bbox 612 3403 661 3470; x_wconf 83' lang='lat' dir='ltr'>rei</span> <span class='ocrx_word' id='word_1_223' title='bbox 687 3409 796 3466; x_wconf 87' lang='lat' dir='ltr'>tamen</span> <span class='ocrx_word' id='word_1_224' title='bbox 826 3404 858 3466; x_wconf 91' lang='lat' dir='ltr'>in</span> <span class='ocrx_word' id='word_1_225' title='bbox 878 3403 1080 3466; x_wconf 85' lang='lat' dir='ltr'>accusatorio</span> <span class='ocrx_word' id='word_1_226' title='bbox 1103 3422 1229 3486; x_wconf 90' lang='lat' dir='ltr'>quoque</span> <span class='ocrx_word' id='word_1_227' title='bbox 1251 3422 1323 3484; x_wconf 88' lang='lat' dir='ltr'>pro-</span> 
     </span>
     <span class='ocr_line' id='line_1_30' title="bbox 143 3498 1324 3584; baseline 0.005 -26"><span class='ocrx_word' id='word_1_228' title='bbox 143 3519 238 3558; x_wconf 85' lang='lat' dir='ltr'>cessu</span> <span class='ocrx_word' id='word_1_229' title='bbox 267 3499 385 3561; x_wconf 86' lang='lat' dir='ltr'>mentio</span> <span class='ocrx_word' id='word_1_230' title='bbox 414 3501 456 3564; x_wconf 89' lang='lat' dir='ltr'>lit.</span> <span class='ocrx_word' id='word_1_231' title='bbox 501 3501 548 3564; x_wconf 91' lang='lat' dir='ltr'>Ne</span> <span class='ocrx_word' id='word_1_232' title='bbox 579 3498 838 3572; x_wconf 83' lang='lat' dir='ltr'>confessionibus</span> <span class='ocrx_word' id='word_1_233' title='bbox 878 3499 1008 3584; x_wconf 83' lang='lat' dir='ltr'>quidem</span> <span class='ocrx_word' id='word_1_234' title='bbox 1036 3521 1163 3564; x_wconf 84' lang='lat' dir='ltr'>reorum</span> <span class='ocrx_word' id='word_1_235' title='bbox 1195 3521 1324 3583; x_wconf 83' lang='lat' dir='ltr'>semper</span> 
     </span>
     <span class='ocr_line' id='line_1_31' title="bbox 145 3598 999 3684; baseline 0.006 -28"><span class='ocrx_word' id='word_1_236' title='bbox 145 3616 332 3678; x_wconf 84' lang='lat' dir='ltr'>processum</span> <span class='ocrx_word' id='word_1_237' title='bbox 355 3598 477 3662; x_wconf 86' lang='lat' dir='ltr'>finitum</span> <span class='ocrx_word' id='word_1_238' title='bbox 501 3619 574 3662; x_wconf 86' lang='lat' dir='ltr'>esse</span> <span class='ocrx_word' id='word_1_239' title='bbox 593 3601 662 3684; x_wconf 89' lang='lat' dir='ltr'>jam</span> <span class='ocrx_word' id='word_1_240' title='bbox 687 3598 999 3684; x_wconf 75' lang='lat' dir='ltr'>supravidimus1l.</span> 
     </span>
    </p>

    <p class='ocr_par' dir='ltr' id='par_1_6' title="bbox 147 3692 1324 3880">
     <span class='ocr_line' id='line_1_32' title="bbox 226 3692 1324 3782; baseline 0.005 -28"><span class='ocrx_word' id='word_1_241' title='bbox 226 3692 303 3756; x_wconf 83' lang='lat' dir='ltr'>Plus</span> <span class='ocrx_word' id='word_1_242' title='bbox 326 3693 366 3756; x_wconf 90' lang='lat' dir='ltr'>de</span> <span class='ocrx_word' id='word_1_243' title='bbox 387 3693 448 3758; x_wconf 87' lang='lat' dir='ltr'>hae</span> <span class='ocrx_word' id='word_1_244' title='bbox 477 3694 582 3764; x_wconf 84' lang='lat' dir='ltr'>forma</span> <span class='ocrx_word' id='word_1_245' title='bbox 612 3697 720 3760; x_wconf 85' lang='lat' dir='ltr'>dicere</span> <span class='ocrx_word' id='word_1_246' title='bbox 749 3719 814 3762; x_wconf 88' lang='lat' dir='ltr'>non</span> <span class='ocrx_word' id='word_1_247' title='bbox 844 3697 928 3776; x_wconf 89' lang='lat' dir='ltr'>licet,</span> <span class='ocrx_word' id='word_1_248' title='bbox 958 3699 1033 3782; x_wconf 89' lang='lat' dir='ltr'>quia</span> <span class='ocrx_word' id='word_1_249' title='bbox 1066 3697 1263 3782; x_wconf 86' lang='lat' dir='ltr'>conjecturis</span> <span class='ocrx_word' id='word_1_250' title='bbox 1285 3717 1324 3760; x_wconf 88' lang='lat' dir='ltr'>ea</span> 
     </span>
     <span class='ocr_line' id='line_1_33' title="bbox 147 3792 859 3880; baseline 0.006 -26"><span class='ocrx_word' id='word_1_251' title='bbox 147 3812 229 3875; x_wconf 88' lang='lat' dir='ltr'>quae</span> <span class='ocrx_word' id='word_1_252' title='bbox 252 3792 380 3856; x_wconf 86' lang='lat' dir='ltr'>fuerunt</span> <span class='ocrx_word' id='word_1_253' title='bbox 401 3795 571 3858; x_wconf 88' lang='lat' dir='ltr'>restituere</span> <span class='ocrx_word' id='word_1_254' title='bbox 594 3816 657 3860; x_wconf 91' lang='lat' dir='ltr'>non</span> <span class='ocrx_word' id='word_1_255' title='bbox 680 3817 859 3880; x_wconf 85' lang='lat' dir='ltr'>possumus.</span> 
     </span>
    </p>

    <p class='ocr_par' dir='ltr' id='par_1_7' title="bbox 145 3889 1324 4176">
     <span class='ocr_line' id='line_1_34' title="bbox 229 3889 1324 3980; baseline 0.004 -26"><span class='ocrx_word' id='word_1_256' title='bbox 229 3889 307 3954; x_wconf 83' lang='lat' dir='ltr'>Oum</span> <span class='ocrx_word' id='word_1_257' title='bbox 333 3899 441 3955; x_wconf 85' lang='lat' dir='ltr'>autem</span> <span class='ocrx_word' id='word_1_258' title='bbox 463 3891 564 3956; x_wconf 86' lang='lat' dir='ltr'>verba</span> <span class='ocrx_word' id='word_1_259' title='bbox 586 3916 668 3979; x_wconf 90' lang='lat' dir='ltr'>quae</span> <span class='ocrx_word' id='word_1_260' title='bbox 691 3901 764 3957; x_wconf 88' lang='lat' dir='ltr'>sunt</span> <span class='ocrx_word' id='word_1_261' title='bbox 787 3895 978 3980; x_wconf 63' lang='lat' dir='ltr'>„inquirere</span> <span class='ocrx_word' id='word_1_262' title='bbox 998 3895 1178 3978; x_wconf 82' lang='lat' dir='ltr'>inquisitio„</span> <span class='ocrx_word' id='word_1_263' title='bbox 1193 3895 1324 3980; x_wconf 88' lang='lat' dir='ltr'>inquisi-</span> 
     </span>
     <span class='ocr_line' id='line_1_35' title="bbox 145 3989 1324 4073; baseline 0.007 -24"><span class='ocrx_word' id='word_1_264' title='bbox 145 3995 214 4051; x_wconf 84' lang='lat' dir='ltr'>tor“</span> <span class='ocrx_word' id='word_1_265' title='bbox 238 4007 303 4054; x_wconf 88' lang='lat' dir='ltr'>tam</span> <span class='ocrx_word' id='word_1_266' title='bbox 327 3989 440 4053; x_wconf 87' lang='lat' dir='ltr'>crebre</span> <span class='ocrx_word' id='word_1_267' title='bbox 457 3992 488 4054; x_wconf 92' lang='lat' dir='ltr'>in</span> <span class='ocrx_word' id='word_1_268' title='bbox 511 3991 654 4056; x_wconf 86' lang='lat' dir='ltr'>fontibus</span> <span class='ocrx_word' id='word_1_269' title='bbox 670 3994 789 4057; x_wconf 86' lang='lat' dir='ltr'>nostris</span> <span class='ocrx_word' id='word_1_270' title='bbox 811 3992 903 4058; x_wconf 85' lang='lat' dir='ltr'>nobis</span> <span class='ocrx_word' id='word_1_271' title='bbox 923 4000 1102 4073; x_wconf 81' lang='lat' dir='ltr'>occurrant,</span> <span class='ocrx_word' id='word_1_272' title='bbox 1123 4016 1229 4057; x_wconf 88' lang='lat' dir='ltr'>meum</span> <span class='ocrx_word' id='word_1_273' title='bbox 1252 4017 1324 4058; x_wconf 88' lang='lat' dir='ltr'>esse</span> 
     </span>
     <span class='ocr_line' id='line_1_36' title="bbox 148 4089 1323 4176; baseline 0.005 -28"><span class='ocrx_word' id='word_1_274' title='bbox 148 4095 234 4170; x_wconf 82' lang='lat' dir='ltr'>pute,</span> <span class='ocrx_word' id='word_1_275' title='bbox 256 4097 290 4152; x_wconf 89' lang='lat' dir='ltr'>ut</span> <span class='ocrx_word' id='word_1_276' title='bbox 306 4089 346 4152; x_wconf 90' lang='lat' dir='ltr'>de</span> <span class='ocrx_word' id='word_1_277' title='bbox 362 4110 470 4152; x_wconf 90' lang='lat' dir='ltr'>eornm</span> <span class='ocrx_word' id='word_1_278' title='bbox 489 4092 724 4174; x_wconf 82' lang='lat' dir='ltr'>significatione</span> <span class='ocrx_word' id='word_1_279' title='bbox 740 4090 885 4156; x_wconf 88' lang='lat' dir='ltr'>breviter</span> <span class='ocrx_word' id='word_1_280' title='bbox 901 4113 1005 4175; x_wconf 85' lang='lat' dir='ltr'>agam.</span> <span class='ocrx_word' id='word_1_281' title='bbox 1031 4090 1200 4176; x_wconf 83' lang='lat' dir='ltr'>Significat</span> <span class='ocrx_word' id='word_1_282' title='bbox 1216 4100 1323 4156; x_wconf 88' lang='lat' dir='ltr'>antem</span> 
     </span>
    </p>
   </div>
   <div class='ocr_carea' id='block_1_4' title="bbox 145 4249 422 4260">
    <p class='ocr_par' dir='ltr' id='par_1_8' title="bbox 145 4249 422 4260">
     <span class='ocr_line' id='line_1_37' title="bbox 145 4249 422 4260; baseline 0 0"><span class='ocrx_word' id='word_1_283' title='bbox 145 4249 422 4260; x_wconf 52' lang='lat' dir='ltr'>..n—m</span> 
     </span>
    </p>
   </div>
   <div class='ocr_carea' id='block_1_5' title="bbox 216 4317 506 4381">
    <p class='ocr_par' dir='ltr' id='par_1_9' title="bbox 216 4317 506 4381">
     <span class='ocr_line' id='line_1_38' title="bbox 216 4317 506 4381; baseline 0.007 -17"><span class='ocrx_word' id='word_1_284' title='bbox 216 4318 241 4378; x_wconf 84' lang='lat'>1)</span> <span class='ocrx_word' id='word_1_285' title='bbox 260 4317 345 4381; x_wconf 84' lang='lat' dir='ltr'>Supra</span> <span class='ocrx_word' id='word_1_286' title='bbox 362 4331 387 4381; x_wconf 84' lang='lat' dir='ltr'>p.</span> <span class='ocrx_word' id='word_1_287' title='bbox 406 4319 446 4368; x_wconf 83' lang='lat'>43.</span> <span class='ocrx_word' id='word_1_288' title='bbox 465 4317 506 4366; x_wconf 75' lang='lat'>44.</span> 
     </span>
    </p>
   </div>
   <div class='ocr_carea' id='block_1_6' title="bbox 0 0 1563 4966">
    <p class='ocr_par' dir='ltr' id='par_1_10' title="bbox 0 0 1563 4966">
     <span class='ocr_line' id='line_1_39' title="bbox 0 0 1563 4966; baseline 0 0"><span class='ocrx_word' id='word_1_289' title='bbox 0 0 1563 4966; x_wconf 95' lang='lat' dir='ltr'> </span> 
     </span>
    </p>
   </div>
  </div>
 </body>
</html>
