3082 4966
613 355 818 417 -11-

4 523 16 598 ,³³
126 555 202 596 cnm
220 533 379 621 judicium
402 533 436 616 (l.
458 535 478 594 3
500 537 529 613 ἕ.
554 538 569 600 l
594 533 634 601 1).
657 535 734 616 cit),
757 535 801 594 ita
830 539 865 594 ut
885 531 1058 615 unicuique
1082 530 1152 615 ejus
1174 550 1306 592 accusa·

8 640 14 650 '
125 631 174 694 tio
196 638 326 714 pateat3
348 652 443 694 nemo
467 640 574 695 autem
607 635 733 716 cogitur
762 629 804 694 ad
832 651 941 693 eornm
963 629 1221 712 persecutionem
1243 627 1306 692 nisi

3 717 5 725 Α
75 812 80 819 ¹
126 729 159 808 ii,
182 749 317 814 quorum
335 730 405 814 jam
427 730 623 794 mentionem
646 730 790 793 fecimus.
826 727 1013 792 Persecutio
1036 735 1142 790 autem
1163 724 1216 788 hie
1232 747 1303 788 con-

131 827 217 890 sistit
239 827 271 889 in
292 835 498 905 accusatione,
520 849 585 890 non
607 829 640 890 in
662 826 868 893 indicatione.

209 926 238 992 9.
280 931 484 990 Fumosoram
506 931 677 990 libellorum
691 937 833 989 auctores
846 926 967 1009 reperti
983 932 1151 1008 coguntur,
1173 931 1208 986 ut
1222 945 1303 1009 quas

127 1015 335 1108 scripsissent
356 1024 536 1089 calumnias
565 1031 596 1088 et
623 1032 776 1088 accusent
804 1031 840 1086 ct
862 1023 1062 1106 argumentis
1093 1020 1306 1106 comprobent

127 1123 163 1211 (l.
187 1125 203 1186 1
237 1123 273 1190 0.
294 1123 353 1190 Th.
373 1121 404 1205 9,
425 1122 466 1186 31)
490 1125 530 1188 de
551 1125 628 1190 fam.
649 1119 774 1186 libellis
798 1141 882 1184 anno
904 1119 967 1182 319
987 1141 1018 1204 p.
1040 1119 1114 1187 Chr.
1136 1123 1192 1204 u).

209 1223 238 1289 3.
279 1223 331 1285 De
353 1229 562 1286 adulterinum
590 1235 750 1286 monetam
779 1225 994 1285 auersantibus
1016 1221 1127 1282 statuit
1147 1219 1304 1282 Constan-

125 1323 212 1383 tinus
233 1321 266 1382 in
287 1320 402 1403 lege‘l
430 1342 477 1404 pr.
500 1321 536 1388 O.
566 1319 624 1387 Th.
655 1321 684 1400 9,
705 1321 743 1382 21
777 1317 817 1382 de
839 1318 923 1382 falsa
945 1326 1075 1381 moneta
1097 1319 1140 1406 (a.
1162 1318 1238 1400 321)
1270 1347 1302 1373 z:

124 1418 145 1486 l.
170 1421 185 1480 l
210 1439 257 1502 pr.
278 1417 313 1482 O.
335 1418 364 1484 h.
387 1425 408 1484 t.
429 1418 457 1498 9,
478 1419 533 1481 24:
564 1419 675 1482 cuncti
698 1425 899 1502 cognoscant
920 1417 1148 1480 necessitatem
1171 1415 1233 1479 sibi
1254 1425 1300 1481 in·

124 1515 288 1596 cumbere,
309 1513 494 1601 hujusmodi
515 1515 660 1580 homines
693 1516 884 1602 inquirendi,
906 1523 941 1578 ut
962 1515 1150 1600 investigati
1171 1515 1302 1578 tradan-

123 1623 177 1680 tur
196 1613 326 1698 judiciis
342 1618 377 1697 ¹),
397 1615 476 1678 facti
496 1617 645 1679 conscios
677 1637 735 1700 per
756 1622 917 1678 tormenta
938 1613 1024 1676 illico
1046 1614 1205 1698 prodituri
1227 1665 1303 1692 ....

124 1719 155 1795 ξ.
179 1716 207 1778 1.
249 1705 505 1777 Accusatoribus
527 1714 624 1776 etiam
641 1735 751 1777 eorum
768 1707 1001 1778 immunitatem
1017 1711 1230 1802 permittimus
1248 1715 1304 1795 ²)“.

207 1813 236 1875 4.
255 1835 257 1840 ’
280 1817 431 1876 statuunt
452 1805 665 1896 imperatores
688 1811 863 1876 Gratianus
887 1801 1133 1874 Valentinianus
1155 1808 1302 1872 Theodo-

126 1910 195 1973 sius
215 1910 249 1972 iu
270 1916 407 1973 latrones
427 1910 459 1973 in
483 1907 610 1994 legibus
636 1911 651 1971 1
675 1918 707 1972 et
728 1911 748 1973 2
770 1909 829 1977 Th.
850 1909 879 1990 9,
900 1909 941 1972 29
963 1913 1005 1991 (a.
1026 1907 1097 1972 374*
1110 1917 1142 1971 et
1163 1906 1239 1992 383)
1264 1937 1302 1964 =

124 2008 145 2076 l.
169 2011 184 2070 1
209 2007 245 2074 Ο.
266 2006 294 2086 9,
316 2007 373 2070 39:
415 2009 501 2088 „llos
524 2008 578 2092 qui
602 2031 712 2074 secum
736 2009 832 2072 alieni
854 2008 997 2072 criminis
1017 2029 1090 2069 reos
1113 2005 1304 2070 occultando

125 2127 197 2170 eum
221 2127 336 2168 eamve
359 2107 531 2186 sociarunt,
566 2129 626 2192 par
654 2111 743 2193 ipsos
767 2115 799 2169 et
820 2128 893 2170 reos
914 2127 1021 2190 poena
1044 2113 1220 2188 exspectet.
1262 2103 1306 2168 Et

125 2205 270 2268 latrones
291 2205 436 2290 quisquis
457 2205 563 2268 sciens
598 2207 794 2291 susceperit,
824 2204 875 2268 vel
899 2210 991 2286 offere
1006 2210 1135 2282 jndicio
1156 2223 1303 2287 superse-

126 2304 220 2384 derit,
242 2303 400 2393 supplicio
424 2305 586 2388 corporali
606 2344 647 2354 -
668 2295 856 2390 plectetur“.

206 2402 236 2469 5.
267 2405 315 2466 'lu
331 2409 492 2466 daemones
506 2393 556 2467 ool
571 2411 707 2468 latrones
722 2403 905 2467 rescribunt
920 2401 1035 2465 iidem:
1050 2405 1093 2486 (a.
1108 2401 1184 2484 383)
1202 2408 1304 2485 „quis-

127 2502 198 2587 quis
220 2501 253 2564 in
275 2500 376 2564 fundo
399 2522 457 2564 suo
480 2499 666 2565 desertores
697 2501 748 2564 vel
775 2501 917 2564 latrones
944 2499 1064 2564 habere
1095 2521 1130 2563 se
1152 2500 1304 2578 memine-

125 2603 176 2680 rit,
199 2601 261 2663 nisi
284 2620 338 2662 cos
361 2621 404 2662 ex
423 2599 476 2663 die
508 2601 749 2664 constitutionis
780 2603 918 2663 emissae
941 2601 972 2664 in
995 2621 1054 2662 sex
1075 2620 1203 2662 menses
1222 2621 1301 2678 pro-

125 2705 246 2777 diderit,
269 2704 324 2762 aut
344 2697 600 2782 comprehensos
630 2699 726 2762 etiam
756 2707 911 2764 teuerstatt
935 2695 1126 2776 judiciarius
1148 2703 1302 2774 obtulerit,

124 2800 244 2862 sciat“:
278 2789 310 2860 et
329 2805 447 2860 ‘cetera
477 2797 511 2878 (l.
542 2798 559 2861 7
592 2798 626 2862 Ο.
660 2799 720 2866 Th.
753 2797 842 2878 7,18
873 2795 1002 2879 11383,
1031 2796 1088 2860 cfr.
1119 2795 1138 2860 l.
1171 2797 1198 2874 8,
1231 2796 1249 2859 l.
1276 2795 1305 2875 9,

123 2899 142 2961 l.
169 2899 208 2960 12
229 2896 325 2982 eod).
781 2885 782 2888 ¹

207 2996 235 3062 6.
278 2997 494 3080 Imperatores
537 2995 783 3060 Valentinianus
823 2995 1025 3058 Theodosius
1066 2995 1242 3058 Gratianus
1272 2995 1304 3057 in

123 3097 179 3158 16
201 3095 238 3162 0.
255 3094 313 3162 Th.
329 3095 357 3177 9,
379 3096 508 3163 27:21.
530 3100 552 3158 4
572 3095 609 3163 O.
631 3097 660 3176 9,
681 3095 720 3159 97
743 3095 785 3158 ad
799 3095 904 3180 legem
920 3096 1040 3160 Juliam
1053 3093 1303 3180 repetundarum

125 3193 267 3278 „jubent
289 3193 472 3258 hortantur:
495 3204 528 3258 ut
550 3195 578 3258 si
607 3196 677 3279 quis
706 3195 790 3257 forte
821 3195 1063 3275 honoratorum,
1084 3195 1303 3273 decurionum,

124 3311 360 3377 possessorum,
382 3301 547 3377 postremo
572 3293 667 3356 etiam
690 3293 885 3374 colonorum,
907 3299 963 3355 aut
984 3291 1157 3378 cujuslibet
1182 3291 1303 3356 ordinis

126 3397 270 3458 stadius
289 3399 385 3474 fuerit
406 3399 516 3476 aliquo
544 3401 669 3456 romono
691 3415 864 3471 concussus,
880 3393 908 3455 si
929 3395 999 3477 quis
1021 3391 1090 3472 scit,
1110 3399 1248 3456 canullan
1269 3398 1304 3454 da

117 3499 192 3570 jure
211 3497 304 3572 foisse
323 3500 518 3572 sententiam,
548 3493 575 3554 si
605 3493 675 3578 quis
698 3515 836 3572 poenam
856 3499 903 3556 vel
930 3499 1033 3571 pretio
1062 3493 1221 3554 remissam
1256 3497 1303 3554 ool

123 3597 202 3654 ollio
226 3596 406 3670 cupiditatis
426 3599 587 3672 lnpestom,
612 3591 731 3675 siquis
754 3600 918 3674 postremo
934 3611 1124 3675 quacunque
1147 3589 1187 3652 de
1203 3611 1303 3654 causa

122 3687 303 3772 improbum
321 3687 465 3774 judicem
487 3691 628 3773 potuerit
653 3687 848 3773 approbare,
870 3691 897 3754 is
919 3688 972 3752 vel
994 3681 1241 3752 administrante
1264 3708 1302 3751 eo

123 3789 176 3851 vel
193 3795 268 3872 post
289 3787 601 3852 administrationem
625 3788 804 3872 depositam
833 3797 868 3852 ln
894 3795 1056 3869 publicum
1073 3777 1218 3869 prodeat,
1239 3795 1302 3850 crt-

192 4038 218 4102 1]
236 4041 326 4092 Codex
344 4039 439 4090 lustin.
459 4005 560 4092 laben
573 4039 697 4106 „judicit

190 4123 217 4183 2)
234 4123 301 4173 Mihi
319 4123 399 4173 liceat
415 4125 473 4188 ipsa
490 4125 579 4189 legum
604 4127 684 4176 verba
707 4126 823 4188 allegare
853 4131 880 4174 et
896 4125 1055 4188 adscribere,
1073 4143 1126 4192 quo
1145 4127 1239 4178 melius
1257 4144 1300 4179 sa·

123 4221 180 4255 rum
198 4204 267 4257 ratio
285 4209 313 4256 et
329 4209 417 4258 utrum
435 4209 631 4258 accusationem
649 4225 683 4258 an
697 4207 783 4272 judici
807 4207 968 4259 oblationem
987 4204 1043 4260 fieri
1058 4207 1172 4274 jubeant
1188 4225 1297 4275 cognos-

123 4290 211 4340 catur!
890 4291 893 4297 ’
